<?xml version="1.0" ?>
<Balanza RFC="SSE-123456-ABC" Mes="03" Anio="2026" TipoEnvio="N" FechaEnvio="2026-03-27">
  <Cta NumCta="100" SaldoIni="0.00" Debe="0.00" Haber="0.00" SaldoFin="0.00"/>
  <Cta NumCta="100.01" SaldoIni="0.00" Debe="0.00" Haber="0.00" SaldoFin="0.00"/>
  <Cta NumCta="100.02" SaldoIni="0.00" Debe="0.00" Haber="0.00" SaldoFin="0.00"/>
  <Cta NumCta="101" SaldoIni="0.00" Debe="0.00" Haber="0.00" SaldoFin="0.00"/>
  <Cta NumCta="101.01" SaldoIni="0.00" Debe="0.00" Haber="0.00" SaldoFin="0.00"/>
  <Cta NumCta="102" SaldoIni="0.00" Debe="0.00" Haber="0.00" SaldoFin="0.00"/>
  <Cta NumCta="102.01" SaldoIni="0.00" Debe="0.00" Haber="0.00" SaldoFin="0.00"/>
  <Cta NumCta="102.02" SaldoIni="0.00" Debe="0.00" Haber="0.00" SaldoFin="0.00"/>
  <Cta NumCta="103" SaldoIni="0.00" Debe="0.00" Haber="0.00" SaldoFin="0.00"/>
  <Cta NumCta="103.01" SaldoIni="0.00" Debe="0.00" Haber="0.00" SaldoFin="0.00"/>
  <Cta NumCta="103.02" SaldoIni="0.00" Debe="0.00" Haber="0.00" SaldoFin="0.00"/>
  <Cta NumCta="103.03" SaldoIni="0.00" Debe="0.00" Haber="0.00" SaldoFin="0.00"/>
  <Cta NumCta="104" SaldoIni="0.00" Debe="0.00" Haber="0.00" SaldoFin="0.00"/>
  <Cta NumCta="104.01" SaldoIni="0.00" Debe="0.00" Haber="0.00" SaldoFin="0.00"/>
  <Cta NumCta="105" SaldoIni="0.00" Debe="0.00" Haber="0.00" SaldoFin="0.00"/>
  <Cta NumCta="105.01" SaldoIni="0.00" Debe="0.00" Haber="0.00" SaldoFin="0.00"/>
  <Cta NumCta="105.02" SaldoIni="0.00" Debe="0.00" Haber="0.00" SaldoFin="0.00"/>
  <Cta NumCta="105.03" SaldoIni="0.00" Debe="0.00" Haber="0.00" SaldoFin="0.00"/>
  <Cta NumCta="105.04" SaldoIni="0.00" Debe="0.00" Haber="0.00" SaldoFin="0.00"/>
  <Cta NumCta="106" SaldoIni="0.00" Debe="0.00" Haber="0.00" SaldoFin="0.00"/>
  <Cta NumCta="106.01" SaldoIni="0.00" Debe="0.00" Haber="0.00" SaldoFin="0.00"/>
  <Cta NumCta="106.02" SaldoIni="0.00" Debe="0.00" Haber="0.00" SaldoFin="0.00"/>
  <Cta NumCta="106.03" SaldoIni="0.00" Debe="0.00" Haber="0.00" SaldoFin="0.00"/>
  <Cta NumCta="106.04" SaldoIni="0.00" Debe="0.00" Haber="0.00" SaldoFin="0.00"/>
  <Cta NumCta="106.05" SaldoIni="0.00" Debe="0.00" Haber="0.00" SaldoFin="0.00"/>
  <Cta NumCta="106.06" SaldoIni="0.00" Debe="0.00" Haber="0.00" SaldoFin="0.00"/>
  <Cta NumCta="106.07" SaldoIni="0.00" Debe="0.00" Haber="0.00" SaldoFin="0.00"/>
  <Cta NumCta="106.08" SaldoIni="0.00" Debe="0.00" Haber="0.00" SaldoFin="0.00"/>
  <Cta NumCta="106.09" SaldoIni="0.00" Debe="0.00" Haber="0.00" SaldoFin="0.00"/>
  <Cta NumCta="106.10" SaldoIni="0.00" Debe="0.00" Haber="0.00" SaldoFin="0.00"/>
  <Cta NumCta="107" SaldoIni="0.00" Debe="0.00" Haber="0.00" SaldoFin="0.00"/>
  <Cta NumCta="107.01" SaldoIni="0.00" Debe="0.00" Haber="0.00" SaldoFin="0.00"/>
  <Cta NumCta="107.02" SaldoIni="0.00" Debe="0.00" Haber="0.00" SaldoFin="0.00"/>
  <Cta NumCta="107.03" SaldoIni="0.00" Debe="0.00" Haber="0.00" SaldoFin="0.00"/>
  <Cta NumCta="107.04" SaldoIni="0.00" Debe="0.00" Haber="0.00" SaldoFin="0.00"/>
  <Cta NumCta="107.05" SaldoIni="0.00" Debe="0.00" Haber="0.00" SaldoFin="0.00"/>
  <Cta NumCta="108" SaldoIni="0.00" Debe="0.00" Haber="0.00" SaldoFin="0.00"/>
  <Cta NumCta="108.01" SaldoIni="0.00" Debe="0.00" Haber="0.00" SaldoFin="0.00"/>
  <Cta NumCta="108.02" SaldoIni="0.00" Debe="0.00" Haber="0.00" SaldoFin="0.00"/>
  <Cta NumCta="108.03" SaldoIni="0.00" Debe="0.00" Haber="0.00" SaldoFin="0.00"/>
  <Cta NumCta="108.04" SaldoIni="0.00" Debe="0.00" Haber="0.00" SaldoFin="0.00"/>
  <Cta NumCta="109" SaldoIni="0.00" Debe="0.00" Haber="0.00" SaldoFin="0.00"/>
  <Cta NumCta="109.01" SaldoIni="0.00" Debe="0.00" Haber="0.00" SaldoFin="0.00"/>
  <Cta NumCta="109.02" SaldoIni="0.00" Debe="0.00" Haber="0.00" SaldoFin="0.00"/>
  <Cta NumCta="109.03" SaldoIni="0.00" Debe="0.00" Haber="0.00" SaldoFin="0.00"/>
  <Cta NumCta="109.04" SaldoIni="0.00" Debe="0.00" Haber="0.00" SaldoFin="0.00"/>
  <Cta NumCta="109.05" SaldoIni="0.00" Debe="0.00" Haber="0.00" SaldoFin="0.00"/>
  <Cta NumCta="109.06" SaldoIni="0.00" Debe="0.00" Haber="0.00" SaldoFin="0.00"/>
  <Cta NumCta="109.07" SaldoIni="0.00" Debe="0.00" Haber="0.00" SaldoFin="0.00"/>
  <Cta NumCta="109.08" SaldoIni="0.00" Debe="0.00" Haber="0.00" SaldoFin="0.00"/>
  <Cta NumCta="109.09" SaldoIni="0.00" Debe="0.00" Haber="0.00" SaldoFin="0.00"/>
  <Cta NumCta="109.10" SaldoIni="0.00" Debe="0.00" Haber="0.00" SaldoFin="0.00"/>
  <Cta NumCta="109.11" SaldoIni="0.00" Debe="0.00" Haber="0.00" SaldoFin="0.00"/>
  <Cta NumCta="109.12" SaldoIni="0.00" Debe="0.00" Haber="0.00" SaldoFin="0.00"/>
  <Cta NumCta="109.13" SaldoIni="0.00" Debe="0.00" Haber="0.00" SaldoFin="0.00"/>
  <Cta NumCta="109.14" SaldoIni="0.00" Debe="0.00" Haber="0.00" SaldoFin="0.00"/>
  <Cta NumCta="109.15" SaldoIni="0.00" Debe="0.00" Haber="0.00" SaldoFin="0.00"/>
  <Cta NumCta="109.16" SaldoIni="0.00" Debe="0.00" Haber="0.00" SaldoFin="0.00"/>
  <Cta NumCta="109.17" SaldoIni="0.00" Debe="0.00" Haber="0.00" SaldoFin="0.00"/>
  <Cta NumCta="109.18" SaldoIni="0.00" Debe="0.00" Haber="0.00" SaldoFin="0.00"/>
  <Cta NumCta="109.19" SaldoIni="0.00" Debe="0.00" Haber="0.00" SaldoFin="0.00"/>
  <Cta NumCta="109.20" SaldoIni="0.00" Debe="0.00" Haber="0.00" SaldoFin="0.00"/>
  <Cta NumCta="109.21" SaldoIni="0.00" Debe="0.00" Haber="0.00" SaldoFin="0.00"/>
  <Cta NumCta="109.22" SaldoIni="0.00" Debe="0.00" Haber="0.00" SaldoFin="0.00"/>
  <Cta NumCta="109.23" SaldoIni="0.00" Debe="0.00" Haber="0.00" SaldoFin="0.00"/>
  <Cta NumCta="110" SaldoIni="0.00" Debe="0.00" Haber="0.00" SaldoFin="0.00"/>
  <Cta NumCta="110.01" SaldoIni="0.00" Debe="0.00" Haber="0.00" SaldoFin="0.00"/>
  <Cta NumCta="111" SaldoIni="0.00" Debe="0.00" Haber="0.00" SaldoFin="0.00"/>
  <Cta NumCta="111.01" SaldoIni="0.00" Debe="0.00" Haber="0.00" SaldoFin="0.00"/>
  <Cta NumCta="112" SaldoIni="0.00" Debe="0.00" Haber="0.00" SaldoFin="0.00"/>
  <Cta NumCta="112.01" SaldoIni="0.00" Debe="0.00" Haber="0.00" SaldoFin="0.00"/>
  <Cta NumCta="113" SaldoIni="0.00" Debe="0.00" Haber="0.00" SaldoFin="0.00"/>
  <Cta NumCta="113.01" SaldoIni="0.00" Debe="0.00" Haber="0.00" SaldoFin="0.00"/>
  <Cta NumCta="113.02" SaldoIni="0.00" Debe="0.00" Haber="0.00" SaldoFin="0.00"/>
  <Cta NumCta="113.03" SaldoIni="0.00" Debe="0.00" Haber="0.00" SaldoFin="0.00"/>
  <Cta NumCta="113.04" SaldoIni="0.00" Debe="0.00" Haber="0.00" SaldoFin="0.00"/>
  <Cta NumCta="113.05" SaldoIni="0.00" Debe="0.00" Haber="0.00" SaldoFin="0.00"/>
  <Cta NumCta="113.06" SaldoIni="0.00" Debe="0.00" Haber="0.00" SaldoFin="0.00"/>
  <Cta NumCta="113.07" SaldoIni="0.00" Debe="0.00" Haber="0.00" SaldoFin="0.00"/>
  <Cta NumCta="113.08" SaldoIni="0.00" Debe="0.00" Haber="0.00" SaldoFin="0.00"/>
  <Cta NumCta="114" SaldoIni="0.00" Debe="0.00" Haber="0.00" SaldoFin="0.00"/>
  <Cta NumCta="114.01" SaldoIni="0.00" Debe="0.00" Haber="0.00" SaldoFin="0.00"/>
  <Cta NumCta="115" SaldoIni="0.00" Debe="0.00" Haber="0.00" SaldoFin="0.00"/>
  <Cta NumCta="115.01" SaldoIni="0.00" Debe="0.00" Haber="0.00" SaldoFin="0.00"/>
  <Cta NumCta="115.02" SaldoIni="0.00" Debe="0.00" Haber="0.00" SaldoFin="0.00"/>
  <Cta NumCta="115.03" SaldoIni="0.00" Debe="0.00" Haber="0.00" SaldoFin="0.00"/>
  <Cta NumCta="115.04" SaldoIni="0.00" Debe="0.00" Haber="0.00" SaldoFin="0.00"/>
  <Cta NumCta="115.05" SaldoIni="0.00" Debe="0.00" Haber="0.00" SaldoFin="0.00"/>
  <Cta NumCta="115.06" SaldoIni="0.00" Debe="0.00" Haber="0.00" SaldoFin="0.00"/>
  <Cta NumCta="115.07" SaldoIni="0.00" Debe="0.00" Haber="0.00" SaldoFin="0.00"/>
  <Cta NumCta="116" SaldoIni="0.00" Debe="0.00" Haber="0.00" SaldoFin="0.00"/>
  <Cta NumCta="116.01" SaldoIni="0.00" Debe="0.00" Haber="0.00" SaldoFin="0.00"/>
  <Cta NumCta="117" SaldoIni="0.00" Debe="0.00" Haber="0.00" SaldoFin="0.00"/>
  <Cta NumCta="117.01" SaldoIni="0.00" Debe="0.00" Haber="0.00" SaldoFin="0.00"/>
  <Cta NumCta="118" SaldoIni="0.00" Debe="0.00" Haber="0.00" SaldoFin="0.00"/>
  <Cta NumCta="118.01" SaldoIni="0.00" Debe="0.00" Haber="0.00" SaldoFin="0.00"/>
  <Cta NumCta="118.02" SaldoIni="0.00" Debe="0.00" Haber="0.00" SaldoFin="0.00"/>
  <Cta NumCta="118.03" SaldoIni="0.00" Debe="0.00" Haber="0.00" SaldoFin="0.00"/>
  <Cta NumCta="118.04" SaldoIni="0.00" Debe="0.00" Haber="0.00" SaldoFin="0.00"/>
  <Cta NumCta="119" SaldoIni="0.00" Debe="0.00" Haber="0.00" SaldoFin="0.00"/>
  <Cta NumCta="119.01" SaldoIni="0.00" Debe="0.00" Haber="0.00" SaldoFin="0.00"/>
  <Cta NumCta="119.02" SaldoIni="0.00" Debe="0.00" Haber="0.00" SaldoFin="0.00"/>
  <Cta NumCta="119.03" SaldoIni="0.00" Debe="0.00" Haber="0.00" SaldoFin="0.00"/>
  <Cta NumCta="119.04" SaldoIni="0.00" Debe="0.00" Haber="0.00" SaldoFin="0.00"/>
  <Cta NumCta="120" SaldoIni="0.00" Debe="0.00" Haber="0.00" SaldoFin="0.00"/>
  <Cta NumCta="120.01" SaldoIni="0.00" Debe="0.00" Haber="0.00" SaldoFin="0.00"/>
  <Cta NumCta="120.02" SaldoIni="0.00" Debe="0.00" Haber="0.00" SaldoFin="0.00"/>
  <Cta NumCta="120.03" SaldoIni="0.00" Debe="0.00" Haber="0.00" SaldoFin="0.00"/>
  <Cta NumCta="120.04" SaldoIni="0.00" Debe="0.00" Haber="0.00" SaldoFin="0.00"/>
  <Cta NumCta="121" SaldoIni="0.00" Debe="0.00" Haber="0.00" SaldoFin="0.00"/>
  <Cta NumCta="121.01" SaldoIni="0.00" Debe="0.00" Haber="0.00" SaldoFin="0.00"/>
  <Cta NumCta="151" SaldoIni="0.00" Debe="0.00" Haber="0.00" SaldoFin="0.00"/>
  <Cta NumCta="151.01" SaldoIni="0.00" Debe="0.00" Haber="0.00" SaldoFin="0.00"/>
  <Cta NumCta="152" SaldoIni="0.00" Debe="0.00" Haber="0.00" SaldoFin="0.00"/>
  <Cta NumCta="152.01" SaldoIni="0.00" Debe="0.00" Haber="0.00" SaldoFin="0.00"/>
  <Cta NumCta="153" SaldoIni="0.00" Debe="0.00" Haber="0.00" SaldoFin="0.00"/>
  <Cta NumCta="153.01" SaldoIni="0.00" Debe="0.00" Haber="0.00" SaldoFin="0.00"/>
  <Cta NumCta="154" SaldoIni="0.00" Debe="0.00" Haber="0.00" SaldoFin="0.00"/>
  <Cta NumCta="154.01" SaldoIni="0.00" Debe="0.00" Haber="0.00" SaldoFin="0.00"/>
  <Cta NumCta="155" SaldoIni="0.00" Debe="0.00" Haber="0.00" SaldoFin="0.00"/>
  <Cta NumCta="155.01" SaldoIni="0.00" Debe="0.00" Haber="0.00" SaldoFin="0.00"/>
  <Cta NumCta="156" SaldoIni="0.00" Debe="0.00" Haber="0.00" SaldoFin="0.00"/>
  <Cta NumCta="156.01" SaldoIni="0.00" Debe="0.00" Haber="0.00" SaldoFin="0.00"/>
  <Cta NumCta="157" SaldoIni="0.00" Debe="0.00" Haber="0.00" SaldoFin="0.00"/>
  <Cta NumCta="157.01" SaldoIni="0.00" Debe="0.00" Haber="0.00" SaldoFin="0.00"/>
  <Cta NumCta="158" SaldoIni="0.00" Debe="0.00" Haber="0.00" SaldoFin="0.00"/>
  <Cta NumCta="158.01" SaldoIni="0.00" Debe="0.00" Haber="0.00" SaldoFin="0.00"/>
  <Cta NumCta="159" SaldoIni="0.00" Debe="0.00" Haber="0.00" SaldoFin="0.00"/>
  <Cta NumCta="159.01" SaldoIni="0.00" Debe="0.00" Haber="0.00" SaldoFin="0.00"/>
  <Cta NumCta="160" SaldoIni="0.00" Debe="0.00" Haber="0.00" SaldoFin="0.00"/>
  <Cta NumCta="160.01" SaldoIni="0.00" Debe="0.00" Haber="0.00" SaldoFin="0.00"/>
  <Cta NumCta="161" SaldoIni="0.00" Debe="0.00" Haber="0.00" SaldoFin="0.00"/>
  <Cta NumCta="161.01" SaldoIni="0.00" Debe="0.00" Haber="0.00" SaldoFin="0.00"/>
  <Cta NumCta="162" SaldoIni="0.00" Debe="0.00" Haber="0.00" SaldoFin="0.00"/>
  <Cta NumCta="162.01" SaldoIni="0.00" Debe="0.00" Haber="0.00" SaldoFin="0.00"/>
  <Cta NumCta="163" SaldoIni="0.00" Debe="0.00" Haber="0.00" SaldoFin="0.00"/>
  <Cta NumCta="163.01" SaldoIni="0.00" Debe="0.00" Haber="0.00" SaldoFin="0.00"/>
  <Cta NumCta="164" SaldoIni="0.00" Debe="0.00" Haber="0.00" SaldoFin="0.00"/>
  <Cta NumCta="164.01" SaldoIni="0.00" Debe="0.00" Haber="0.00" SaldoFin="0.00"/>
  <Cta NumCta="165" SaldoIni="0.00" Debe="0.00" Haber="0.00" SaldoFin="0.00"/>
  <Cta NumCta="165.01" SaldoIni="0.00" Debe="0.00" Haber="0.00" SaldoFin="0.00"/>
  <Cta NumCta="166" SaldoIni="0.00" Debe="0.00" Haber="0.00" SaldoFin="0.00"/>
  <Cta NumCta="166.01" SaldoIni="0.00" Debe="0.00" Haber="0.00" SaldoFin="0.00"/>
  <Cta NumCta="167" SaldoIni="0.00" Debe="0.00" Haber="0.00" SaldoFin="0.00"/>
  <Cta NumCta="167.01" SaldoIni="0.00" Debe="0.00" Haber="0.00" SaldoFin="0.00"/>
  <Cta NumCta="168" SaldoIni="0.00" Debe="0.00" Haber="0.00" SaldoFin="0.00"/>
  <Cta NumCta="168.01" SaldoIni="0.00" Debe="0.00" Haber="0.00" SaldoFin="0.00"/>
  <Cta NumCta="169" SaldoIni="0.00" Debe="0.00" Haber="0.00" SaldoFin="0.00"/>
  <Cta NumCta="169.01" SaldoIni="0.00" Debe="0.00" Haber="0.00" SaldoFin="0.00"/>
  <Cta NumCta="170" SaldoIni="0.00" Debe="0.00" Haber="0.00" SaldoFin="0.00"/>
  <Cta NumCta="170.01" SaldoIni="0.00" Debe="0.00" Haber="0.00" SaldoFin="0.00"/>
  <Cta NumCta="171" SaldoIni="0.00" Debe="0.00" Haber="0.00" SaldoFin="0.00"/>
  <Cta NumCta="171.01" SaldoIni="0.00" Debe="0.00" Haber="0.00" SaldoFin="0.00"/>
  <Cta NumCta="171.02" SaldoIni="0.00" Debe="0.00" Haber="0.00" SaldoFin="0.00"/>
  <Cta NumCta="171.03" SaldoIni="0.00" Debe="0.00" Haber="0.00" SaldoFin="0.00"/>
  <Cta NumCta="171.04" SaldoIni="0.00" Debe="0.00" Haber="0.00" SaldoFin="0.00"/>
  <Cta NumCta="171.05" SaldoIni="0.00" Debe="0.00" Haber="0.00" SaldoFin="0.00"/>
  <Cta NumCta="171.06" SaldoIni="0.00" Debe="0.00" Haber="0.00" SaldoFin="0.00"/>
  <Cta NumCta="171.07" SaldoIni="0.00" Debe="0.00" Haber="0.00" SaldoFin="0.00"/>
  <Cta NumCta="171.08" SaldoIni="0.00" Debe="0.00" Haber="0.00" SaldoFin="0.00"/>
  <Cta NumCta="171.09" SaldoIni="0.00" Debe="0.00" Haber="0.00" SaldoFin="0.00"/>
  <Cta NumCta="171.10" SaldoIni="0.00" Debe="0.00" Haber="0.00" SaldoFin="0.00"/>
  <Cta NumCta="171.11" SaldoIni="0.00" Debe="0.00" Haber="0.00" SaldoFin="0.00"/>
  <Cta NumCta="171.12" SaldoIni="0.00" Debe="0.00" Haber="0.00" SaldoFin="0.00"/>
  <Cta NumCta="171.13" SaldoIni="0.00" Debe="0.00" Haber="0.00" SaldoFin="0.00"/>
  <Cta NumCta="171.14" SaldoIni="0.00" Debe="0.00" Haber="0.00" SaldoFin="0.00"/>
  <Cta NumCta="171.15" SaldoIni="0.00" Debe="0.00" Haber="0.00" SaldoFin="0.00"/>
  <Cta NumCta="171.16" SaldoIni="0.00" Debe="0.00" Haber="0.00" SaldoFin="0.00"/>
  <Cta NumCta="171.17" SaldoIni="0.00" Debe="0.00" Haber="0.00" SaldoFin="0.00"/>
  <Cta NumCta="171.18" SaldoIni="0.00" Debe="0.00" Haber="0.00" SaldoFin="0.00"/>
  <Cta NumCta="172" SaldoIni="0.00" Debe="0.00" Haber="0.00" SaldoFin="0.00"/>
  <Cta NumCta="172.01" SaldoIni="0.00" Debe="0.00" Haber="0.00" SaldoFin="0.00"/>
  <Cta NumCta="172.02" SaldoIni="0.00" Debe="0.00" Haber="0.00" SaldoFin="0.00"/>
  <Cta NumCta="172.03" SaldoIni="0.00" Debe="0.00" Haber="0.00" SaldoFin="0.00"/>
  <Cta NumCta="172.04" SaldoIni="0.00" Debe="0.00" Haber="0.00" SaldoFin="0.00"/>
  <Cta NumCta="172.05" SaldoIni="0.00" Debe="0.00" Haber="0.00" SaldoFin="0.00"/>
  <Cta NumCta="172.06" SaldoIni="0.00" Debe="0.00" Haber="0.00" SaldoFin="0.00"/>
  <Cta NumCta="172.07" SaldoIni="0.00" Debe="0.00" Haber="0.00" SaldoFin="0.00"/>
  <Cta NumCta="172.08" SaldoIni="0.00" Debe="0.00" Haber="0.00" SaldoFin="0.00"/>
  <Cta NumCta="172.09" SaldoIni="0.00" Debe="0.00" Haber="0.00" SaldoFin="0.00"/>
  <Cta NumCta="172.10" SaldoIni="0.00" Debe="0.00" Haber="0.00" SaldoFin="0.00"/>
  <Cta NumCta="172.11" SaldoIni="0.00" Debe="0.00" Haber="0.00" SaldoFin="0.00"/>
  <Cta NumCta="172.12" SaldoIni="0.00" Debe="0.00" Haber="0.00" SaldoFin="0.00"/>
  <Cta NumCta="172.13" SaldoIni="0.00" Debe="0.00" Haber="0.00" SaldoFin="0.00"/>
  <Cta NumCta="172.14" SaldoIni="0.00" Debe="0.00" Haber="0.00" SaldoFin="0.00"/>
  <Cta NumCta="172.15" SaldoIni="0.00" Debe="0.00" Haber="0.00" SaldoFin="0.00"/>
  <Cta NumCta="172.16" SaldoIni="0.00" Debe="0.00" Haber="0.00" SaldoFin="0.00"/>
  <Cta NumCta="172.17" SaldoIni="0.00" Debe="0.00" Haber="0.00" SaldoFin="0.00"/>
  <Cta NumCta="172.18" SaldoIni="0.00" Debe="0.00" Haber="0.00" SaldoFin="0.00"/>
  <Cta NumCta="173" SaldoIni="0.00" Debe="0.00" Haber="0.00" SaldoFin="0.00"/>
  <Cta NumCta="173.01" SaldoIni="0.00" Debe="0.00" Haber="0.00" SaldoFin="0.00"/>
  <Cta NumCta="174" SaldoIni="0.00" Debe="0.00" Haber="0.00" SaldoFin="0.00"/>
  <Cta NumCta="174.01" SaldoIni="0.00" Debe="0.00" Haber="0.00" SaldoFin="0.00"/>
  <Cta NumCta="175" SaldoIni="0.00" Debe="0.00" Haber="0.00" SaldoFin="0.00"/>
  <Cta NumCta="175.01" SaldoIni="0.00" Debe="0.00" Haber="0.00" SaldoFin="0.00"/>
  <Cta NumCta="176" SaldoIni="0.00" Debe="0.00" Haber="0.00" SaldoFin="0.00"/>
  <Cta NumCta="176.01" SaldoIni="0.00" Debe="0.00" Haber="0.00" SaldoFin="0.00"/>
  <Cta NumCta="177" SaldoIni="0.00" Debe="0.00" Haber="0.00" SaldoFin="0.00"/>
  <Cta NumCta="177.01" SaldoIni="0.00" Debe="0.00" Haber="0.00" SaldoFin="0.00"/>
  <Cta NumCta="178" SaldoIni="0.00" Debe="0.00" Haber="0.00" SaldoFin="0.00"/>
  <Cta NumCta="178.01" SaldoIni="0.00" Debe="0.00" Haber="0.00" SaldoFin="0.00"/>
  <Cta NumCta="179" SaldoIni="0.00" Debe="0.00" Haber="0.00" SaldoFin="0.00"/>
  <Cta NumCta="179.01" SaldoIni="0.00" Debe="0.00" Haber="0.00" SaldoFin="0.00"/>
  <Cta NumCta="180" SaldoIni="0.00" Debe="0.00" Haber="0.00" SaldoFin="0.00"/>
  <Cta NumCta="180.01" SaldoIni="0.00" Debe="0.00" Haber="0.00" SaldoFin="0.00"/>
  <Cta NumCta="181" SaldoIni="0.00" Debe="0.00" Haber="0.00" SaldoFin="0.00"/>
  <Cta NumCta="181.01" SaldoIni="0.00" Debe="0.00" Haber="0.00" SaldoFin="0.00"/>
  <Cta NumCta="182" SaldoIni="0.00" Debe="0.00" Haber="0.00" SaldoFin="0.00"/>
  <Cta NumCta="182.01" SaldoIni="0.00" Debe="0.00" Haber="0.00" SaldoFin="0.00"/>
  <Cta NumCta="183" SaldoIni="0.00" Debe="0.00" Haber="0.00" SaldoFin="0.00"/>
  <Cta NumCta="183.01" SaldoIni="0.00" Debe="0.00" Haber="0.00" SaldoFin="0.00"/>
  <Cta NumCta="183.02" SaldoIni="0.00" Debe="0.00" Haber="0.00" SaldoFin="0.00"/>
  <Cta NumCta="183.03" SaldoIni="0.00" Debe="0.00" Haber="0.00" SaldoFin="0.00"/>
  <Cta NumCta="183.04" SaldoIni="0.00" Debe="0.00" Haber="0.00" SaldoFin="0.00"/>
  <Cta NumCta="183.05" SaldoIni="0.00" Debe="0.00" Haber="0.00" SaldoFin="0.00"/>
  <Cta NumCta="183.06" SaldoIni="0.00" Debe="0.00" Haber="0.00" SaldoFin="0.00"/>
  <Cta NumCta="183.07" SaldoIni="0.00" Debe="0.00" Haber="0.00" SaldoFin="0.00"/>
  <Cta NumCta="183.08" SaldoIni="0.00" Debe="0.00" Haber="0.00" SaldoFin="0.00"/>
  <Cta NumCta="183.09" SaldoIni="0.00" Debe="0.00" Haber="0.00" SaldoFin="0.00"/>
  <Cta NumCta="183.10" SaldoIni="0.00" Debe="0.00" Haber="0.00" SaldoFin="0.00"/>
  <Cta NumCta="184" SaldoIni="0.00" Debe="0.00" Haber="0.00" SaldoFin="0.00"/>
  <Cta NumCta="184.01" SaldoIni="0.00" Debe="0.00" Haber="0.00" SaldoFin="0.00"/>
  <Cta NumCta="184.02" SaldoIni="0.00" Debe="0.00" Haber="0.00" SaldoFin="0.00"/>
  <Cta NumCta="184.03" SaldoIni="0.00" Debe="0.00" Haber="0.00" SaldoFin="0.00"/>
  <Cta NumCta="185" SaldoIni="0.00" Debe="0.00" Haber="0.00" SaldoFin="0.00"/>
  <Cta NumCta="185.01" SaldoIni="0.00" Debe="0.00" Haber="0.00" SaldoFin="0.00"/>
  <Cta NumCta="186" SaldoIni="0.00" Debe="0.00" Haber="0.00" SaldoFin="0.00"/>
  <Cta NumCta="186.01" SaldoIni="0.00" Debe="0.00" Haber="0.00" SaldoFin="0.00"/>
  <Cta NumCta="186.02" SaldoIni="0.00" Debe="0.00" Haber="0.00" SaldoFin="0.00"/>
  <Cta NumCta="186.03" SaldoIni="0.00" Debe="0.00" Haber="0.00" SaldoFin="0.00"/>
  <Cta NumCta="186.04" SaldoIni="0.00" Debe="0.00" Haber="0.00" SaldoFin="0.00"/>
  <Cta NumCta="186.05" SaldoIni="0.00" Debe="0.00" Haber="0.00" SaldoFin="0.00"/>
  <Cta NumCta="186.06" SaldoIni="0.00" Debe="0.00" Haber="0.00" SaldoFin="0.00"/>
  <Cta NumCta="186.07" SaldoIni="0.00" Debe="0.00" Haber="0.00" SaldoFin="0.00"/>
  <Cta NumCta="186.08" SaldoIni="0.00" Debe="0.00" Haber="0.00" SaldoFin="0.00"/>
  <Cta NumCta="186.09" SaldoIni="0.00" Debe="0.00" Haber="0.00" SaldoFin="0.00"/>
  <Cta NumCta="186.10" SaldoIni="0.00" Debe="0.00" Haber="0.00" SaldoFin="0.00"/>
  <Cta NumCta="187" SaldoIni="0.00" Debe="0.00" Haber="0.00" SaldoFin="0.00"/>
  <Cta NumCta="187.01" SaldoIni="0.00" Debe="0.00" Haber="0.00" SaldoFin="0.00"/>
  <Cta NumCta="188" SaldoIni="0.00" Debe="0.00" Haber="0.00" SaldoFin="0.00"/>
  <Cta NumCta="188.01" SaldoIni="0.00" Debe="0.00" Haber="0.00" SaldoFin="0.00"/>
  <Cta NumCta="188.02" SaldoIni="0.00" Debe="0.00" Haber="0.00" SaldoFin="0.00"/>
  <Cta NumCta="188.03" SaldoIni="0.00" Debe="0.00" Haber="0.00" SaldoFin="0.00"/>
  <Cta NumCta="189" SaldoIni="0.00" Debe="0.00" Haber="0.00" SaldoFin="0.00"/>
  <Cta NumCta="189.01" SaldoIni="0.00" Debe="0.00" Haber="0.00" SaldoFin="0.00"/>
  <Cta NumCta="190" SaldoIni="0.00" Debe="0.00" Haber="0.00" SaldoFin="0.00"/>
  <Cta NumCta="190.01" SaldoIni="0.00" Debe="0.00" Haber="0.00" SaldoFin="0.00"/>
  <Cta NumCta="191" SaldoIni="0.00" Debe="0.00" Haber="0.00" SaldoFin="0.00"/>
  <Cta NumCta="191.01" SaldoIni="0.00" Debe="0.00" Haber="0.00" SaldoFin="0.00"/>
  <Cta NumCta="200" SaldoIni="0.00" Debe="0.00" Haber="0.00" SaldoFin="0.00"/>
  <Cta NumCta="200.01" SaldoIni="0.00" Debe="0.00" Haber="0.00" SaldoFin="0.00"/>
  <Cta NumCta="200.02" SaldoIni="0.00" Debe="0.00" Haber="0.00" SaldoFin="0.00"/>
  <Cta NumCta="201" SaldoIni="0.00" Debe="0.00" Haber="0.00" SaldoFin="0.00"/>
  <Cta NumCta="201.01" SaldoIni="0.00" Debe="0.00" Haber="0.00" SaldoFin="0.00"/>
  <Cta NumCta="201.02" SaldoIni="0.00" Debe="0.00" Haber="0.00" SaldoFin="0.00"/>
  <Cta NumCta="201.03" SaldoIni="0.00" Debe="0.00" Haber="0.00" SaldoFin="0.00"/>
  <Cta NumCta="201.04" SaldoIni="0.00" Debe="0.00" Haber="0.00" SaldoFin="0.00"/>
  <Cta NumCta="202" SaldoIni="0.00" Debe="0.00" Haber="0.00" SaldoFin="0.00"/>
  <Cta NumCta="202.01" SaldoIni="0.00" Debe="0.00" Haber="0.00" SaldoFin="0.00"/>
  <Cta NumCta="202.02" SaldoIni="0.00" Debe="0.00" Haber="0.00" SaldoFin="0.00"/>
  <Cta NumCta="202.03" SaldoIni="0.00" Debe="0.00" Haber="0.00" SaldoFin="0.00"/>
  <Cta NumCta="202.04" SaldoIni="0.00" Debe="0.00" Haber="0.00" SaldoFin="0.00"/>
  <Cta NumCta="202.05" SaldoIni="0.00" Debe="0.00" Haber="0.00" SaldoFin="0.00"/>
  <Cta NumCta="202.06" SaldoIni="0.00" Debe="0.00" Haber="0.00" SaldoFin="0.00"/>
  <Cta NumCta="202.07" SaldoIni="0.00" Debe="0.00" Haber="0.00" SaldoFin="0.00"/>
  <Cta NumCta="202.08" SaldoIni="0.00" Debe="0.00" Haber="0.00" SaldoFin="0.00"/>
  <Cta NumCta="202.09" SaldoIni="0.00" Debe="0.00" Haber="0.00" SaldoFin="0.00"/>
  <Cta NumCta="202.10" SaldoIni="0.00" Debe="0.00" Haber="0.00" SaldoFin="0.00"/>
  <Cta NumCta="202.11" SaldoIni="0.00" Debe="0.00" Haber="0.00" SaldoFin="0.00"/>
  <Cta NumCta="202.12" SaldoIni="0.00" Debe="0.00" Haber="0.00" SaldoFin="0.00"/>
  <Cta NumCta="203" SaldoIni="0.00" Debe="0.00" Haber="0.00" SaldoFin="0.00"/>
  <Cta NumCta="203.01" SaldoIni="0.00" Debe="0.00" Haber="0.00" SaldoFin="0.00"/>
  <Cta NumCta="203.02" SaldoIni="0.00" Debe="0.00" Haber="0.00" SaldoFin="0.00"/>
  <Cta NumCta="203.03" SaldoIni="0.00" Debe="0.00" Haber="0.00" SaldoFin="0.00"/>
  <Cta NumCta="203.04" SaldoIni="0.00" Debe="0.00" Haber="0.00" SaldoFin="0.00"/>
  <Cta NumCta="203.05" SaldoIni="0.00" Debe="0.00" Haber="0.00" SaldoFin="0.00"/>
  <Cta NumCta="203.06" SaldoIni="0.00" Debe="0.00" Haber="0.00" SaldoFin="0.00"/>
  <Cta NumCta="203.07" SaldoIni="0.00" Debe="0.00" Haber="0.00" SaldoFin="0.00"/>
  <Cta NumCta="203.08" SaldoIni="0.00" Debe="0.00" Haber="0.00" SaldoFin="0.00"/>
  <Cta NumCta="203.09" SaldoIni="0.00" Debe="0.00" Haber="0.00" SaldoFin="0.00"/>
  <Cta NumCta="203.10" SaldoIni="0.00" Debe="0.00" Haber="0.00" SaldoFin="0.00"/>
  <Cta NumCta="203.11" SaldoIni="0.00" Debe="0.00" Haber="0.00" SaldoFin="0.00"/>
  <Cta NumCta="203.12" SaldoIni="0.00" Debe="0.00" Haber="0.00" SaldoFin="0.00"/>
  <Cta NumCta="203.13" SaldoIni="0.00" Debe="0.00" Haber="0.00" SaldoFin="0.00"/>
  <Cta NumCta="203.14" SaldoIni="0.00" Debe="0.00" Haber="0.00" SaldoFin="0.00"/>
  <Cta NumCta="203.15" SaldoIni="0.00" Debe="0.00" Haber="0.00" SaldoFin="0.00"/>
  <Cta NumCta="203.16" SaldoIni="0.00" Debe="0.00" Haber="0.00" SaldoFin="0.00"/>
  <Cta NumCta="203.17" SaldoIni="0.00" Debe="0.00" Haber="0.00" SaldoFin="0.00"/>
  <Cta NumCta="203.18" SaldoIni="0.00" Debe="0.00" Haber="0.00" SaldoFin="0.00"/>
  <Cta NumCta="204" SaldoIni="0.00" Debe="0.00" Haber="0.00" SaldoFin="0.00"/>
  <Cta NumCta="204.01" SaldoIni="0.00" Debe="0.00" Haber="0.00" SaldoFin="0.00"/>
  <Cta NumCta="205" SaldoIni="0.00" Debe="0.00" Haber="0.00" SaldoFin="0.00"/>
  <Cta NumCta="205.01" SaldoIni="0.00" Debe="0.00" Haber="0.00" SaldoFin="0.00"/>
  <Cta NumCta="205.02" SaldoIni="0.00" Debe="0.00" Haber="0.00" SaldoFin="0.00"/>
  <Cta NumCta="205.03" SaldoIni="0.00" Debe="0.00" Haber="0.00" SaldoFin="0.00"/>
  <Cta NumCta="205.04" SaldoIni="0.00" Debe="0.00" Haber="0.00" SaldoFin="0.00"/>
  <Cta NumCta="205.05" SaldoIni="0.00" Debe="0.00" Haber="0.00" SaldoFin="0.00"/>
  <Cta NumCta="205.06" SaldoIni="0.00" Debe="0.00" Haber="0.00" SaldoFin="0.00"/>
  <Cta NumCta="206" SaldoIni="0.00" Debe="0.00" Haber="0.00" SaldoFin="0.00"/>
  <Cta NumCta="206.01" SaldoIni="0.00" Debe="0.00" Haber="0.00" SaldoFin="0.00"/>
  <Cta NumCta="206.02" SaldoIni="0.00" Debe="0.00" Haber="0.00" SaldoFin="0.00"/>
  <Cta NumCta="206.03" SaldoIni="0.00" Debe="0.00" Haber="0.00" SaldoFin="0.00"/>
  <Cta NumCta="206.04" SaldoIni="0.00" Debe="0.00" Haber="0.00" SaldoFin="0.00"/>
  <Cta NumCta="206.05" SaldoIni="0.00" Debe="0.00" Haber="0.00" SaldoFin="0.00"/>
  <Cta NumCta="207" SaldoIni="0.00" Debe="0.00" Haber="0.00" SaldoFin="0.00"/>
  <Cta NumCta="207.01" SaldoIni="0.00" Debe="0.00" Haber="0.00" SaldoFin="0.00"/>
  <Cta NumCta="207.02" SaldoIni="0.00" Debe="0.00" Haber="0.00" SaldoFin="0.00"/>
  <Cta NumCta="208" SaldoIni="0.00" Debe="0.00" Haber="0.00" SaldoFin="0.00"/>
  <Cta NumCta="208.01" SaldoIni="0.00" Debe="0.00" Haber="0.00" SaldoFin="0.00"/>
  <Cta NumCta="208.02" SaldoIni="0.00" Debe="0.00" Haber="0.00" SaldoFin="0.00"/>
  <Cta NumCta="209" SaldoIni="0.00" Debe="0.00" Haber="0.00" SaldoFin="0.00"/>
  <Cta NumCta="209.01" SaldoIni="0.00" Debe="0.00" Haber="0.00" SaldoFin="0.00"/>
  <Cta NumCta="209.02" SaldoIni="0.00" Debe="0.00" Haber="0.00" SaldoFin="0.00"/>
  <Cta NumCta="210" SaldoIni="0.00" Debe="0.00" Haber="0.00" SaldoFin="0.00"/>
  <Cta NumCta="210.01" SaldoIni="0.00" Debe="0.00" Haber="0.00" SaldoFin="0.00"/>
  <Cta NumCta="210.02" SaldoIni="0.00" Debe="0.00" Haber="0.00" SaldoFin="0.00"/>
  <Cta NumCta="210.03" SaldoIni="0.00" Debe="0.00" Haber="0.00" SaldoFin="0.00"/>
  <Cta NumCta="210.04" SaldoIni="0.00" Debe="0.00" Haber="0.00" SaldoFin="0.00"/>
  <Cta NumCta="210.05" SaldoIni="0.00" Debe="0.00" Haber="0.00" SaldoFin="0.00"/>
  <Cta NumCta="210.06" SaldoIni="0.00" Debe="0.00" Haber="0.00" SaldoFin="0.00"/>
  <Cta NumCta="210.07" SaldoIni="0.00" Debe="0.00" Haber="0.00" SaldoFin="0.00"/>
  <Cta NumCta="211" SaldoIni="0.00" Debe="0.00" Haber="0.00" SaldoFin="0.00"/>
  <Cta NumCta="211.01" SaldoIni="0.00" Debe="0.00" Haber="0.00" SaldoFin="0.00"/>
  <Cta NumCta="211.02" SaldoIni="0.00" Debe="0.00" Haber="0.00" SaldoFin="0.00"/>
  <Cta NumCta="211.03" SaldoIni="0.00" Debe="0.00" Haber="0.00" SaldoFin="0.00"/>
  <Cta NumCta="212" SaldoIni="0.00" Debe="0.00" Haber="0.00" SaldoFin="0.00"/>
  <Cta NumCta="212.01" SaldoIni="0.00" Debe="0.00" Haber="0.00" SaldoFin="0.00"/>
  <Cta NumCta="213" SaldoIni="0.00" Debe="0.00" Haber="0.00" SaldoFin="0.00"/>
  <Cta NumCta="213.01" SaldoIni="0.00" Debe="0.00" Haber="0.00" SaldoFin="0.00"/>
  <Cta NumCta="213.02" SaldoIni="0.00" Debe="0.00" Haber="0.00" SaldoFin="0.00"/>
  <Cta NumCta="213.03" SaldoIni="0.00" Debe="0.00" Haber="0.00" SaldoFin="0.00"/>
  <Cta NumCta="213.04" SaldoIni="0.00" Debe="0.00" Haber="0.00" SaldoFin="0.00"/>
  <Cta NumCta="213.05" SaldoIni="0.00" Debe="0.00" Haber="0.00" SaldoFin="0.00"/>
  <Cta NumCta="213.06" SaldoIni="0.00" Debe="0.00" Haber="0.00" SaldoFin="0.00"/>
  <Cta NumCta="213.07" SaldoIni="0.00" Debe="0.00" Haber="0.00" SaldoFin="0.00"/>
  <Cta NumCta="214" SaldoIni="0.00" Debe="0.00" Haber="0.00" SaldoFin="0.00"/>
  <Cta NumCta="214.01" SaldoIni="0.00" Debe="0.00" Haber="0.00" SaldoFin="0.00"/>
  <Cta NumCta="215" SaldoIni="0.00" Debe="0.00" Haber="0.00" SaldoFin="0.00"/>
  <Cta NumCta="215.01" SaldoIni="0.00" Debe="0.00" Haber="0.00" SaldoFin="0.00"/>
  <Cta NumCta="215.02" SaldoIni="0.00" Debe="0.00" Haber="0.00" SaldoFin="0.00"/>
  <Cta NumCta="215.03" SaldoIni="0.00" Debe="0.00" Haber="0.00" SaldoFin="0.00"/>
  <Cta NumCta="216" SaldoIni="0.00" Debe="0.00" Haber="0.00" SaldoFin="0.00"/>
  <Cta NumCta="216.01" SaldoIni="0.00" Debe="0.00" Haber="0.00" SaldoFin="0.00"/>
  <Cta NumCta="216.02" SaldoIni="0.00" Debe="0.00" Haber="0.00" SaldoFin="0.00"/>
  <Cta NumCta="216.03" SaldoIni="0.00" Debe="0.00" Haber="0.00" SaldoFin="0.00"/>
  <Cta NumCta="216.04" SaldoIni="0.00" Debe="0.00" Haber="0.00" SaldoFin="0.00"/>
  <Cta NumCta="216.05" SaldoIni="0.00" Debe="0.00" Haber="0.00" SaldoFin="0.00"/>
  <Cta NumCta="216.06" SaldoIni="0.00" Debe="0.00" Haber="0.00" SaldoFin="0.00"/>
  <Cta NumCta="216.07" SaldoIni="0.00" Debe="0.00" Haber="0.00" SaldoFin="0.00"/>
  <Cta NumCta="216.08" SaldoIni="0.00" Debe="0.00" Haber="0.00" SaldoFin="0.00"/>
  <Cta NumCta="216.09" SaldoIni="0.00" Debe="0.00" Haber="0.00" SaldoFin="0.00"/>
  <Cta NumCta="216.10" SaldoIni="0.00" Debe="0.00" Haber="0.00" SaldoFin="0.00"/>
  <Cta NumCta="216.11" SaldoIni="0.00" Debe="0.00" Haber="0.00" SaldoFin="0.00"/>
  <Cta NumCta="216.12" SaldoIni="0.00" Debe="0.00" Haber="0.00" SaldoFin="0.00"/>
  <Cta NumCta="217" SaldoIni="0.00" Debe="0.00" Haber="0.00" SaldoFin="0.00"/>
  <Cta NumCta="217.01" SaldoIni="0.00" Debe="0.00" Haber="0.00" SaldoFin="0.00"/>
  <Cta NumCta="218" SaldoIni="0.00" Debe="0.00" Haber="0.00" SaldoFin="0.00"/>
  <Cta NumCta="218.01" SaldoIni="0.00" Debe="0.00" Haber="0.00" SaldoFin="0.00"/>
  <Cta NumCta="251" SaldoIni="0.00" Debe="0.00" Haber="0.00" SaldoFin="0.00"/>
  <Cta NumCta="251.01" SaldoIni="0.00" Debe="0.00" Haber="0.00" SaldoFin="0.00"/>
  <Cta NumCta="251.02" SaldoIni="0.00" Debe="0.00" Haber="0.00" SaldoFin="0.00"/>
  <Cta NumCta="251.03" SaldoIni="0.00" Debe="0.00" Haber="0.00" SaldoFin="0.00"/>
  <Cta NumCta="251.04" SaldoIni="0.00" Debe="0.00" Haber="0.00" SaldoFin="0.00"/>
  <Cta NumCta="251.05" SaldoIni="0.00" Debe="0.00" Haber="0.00" SaldoFin="0.00"/>
  <Cta NumCta="251.06" SaldoIni="0.00" Debe="0.00" Haber="0.00" SaldoFin="0.00"/>
  <Cta NumCta="252" SaldoIni="0.00" Debe="0.00" Haber="0.00" SaldoFin="0.00"/>
  <Cta NumCta="252.01" SaldoIni="0.00" Debe="0.00" Haber="0.00" SaldoFin="0.00"/>
  <Cta NumCta="252.02" SaldoIni="0.00" Debe="0.00" Haber="0.00" SaldoFin="0.00"/>
  <Cta NumCta="252.03" SaldoIni="0.00" Debe="0.00" Haber="0.00" SaldoFin="0.00"/>
  <Cta NumCta="252.04" SaldoIni="0.00" Debe="0.00" Haber="0.00" SaldoFin="0.00"/>
  <Cta NumCta="252.05" SaldoIni="0.00" Debe="0.00" Haber="0.00" SaldoFin="0.00"/>
  <Cta NumCta="252.06" SaldoIni="0.00" Debe="0.00" Haber="0.00" SaldoFin="0.00"/>
  <Cta NumCta="252.07" SaldoIni="0.00" Debe="0.00" Haber="0.00" SaldoFin="0.00"/>
  <Cta NumCta="252.08" SaldoIni="0.00" Debe="0.00" Haber="0.00" SaldoFin="0.00"/>
  <Cta NumCta="252.09" SaldoIni="0.00" Debe="0.00" Haber="0.00" SaldoFin="0.00"/>
  <Cta NumCta="252.10" SaldoIni="0.00" Debe="0.00" Haber="0.00" SaldoFin="0.00"/>
  <Cta NumCta="252.11" SaldoIni="0.00" Debe="0.00" Haber="0.00" SaldoFin="0.00"/>
  <Cta NumCta="252.12" SaldoIni="0.00" Debe="0.00" Haber="0.00" SaldoFin="0.00"/>
  <Cta NumCta="252.13" SaldoIni="0.00" Debe="0.00" Haber="0.00" SaldoFin="0.00"/>
  <Cta NumCta="252.14" SaldoIni="0.00" Debe="0.00" Haber="0.00" SaldoFin="0.00"/>
  <Cta NumCta="252.15" SaldoIni="0.00" Debe="0.00" Haber="0.00" SaldoFin="0.00"/>
  <Cta NumCta="252.16" SaldoIni="0.00" Debe="0.00" Haber="0.00" SaldoFin="0.00"/>
  <Cta NumCta="252.17" SaldoIni="0.00" Debe="0.00" Haber="0.00" SaldoFin="0.00"/>
  <Cta NumCta="253" SaldoIni="0.00" Debe="0.00" Haber="0.00" SaldoFin="0.00"/>
  <Cta NumCta="253.01" SaldoIni="0.00" Debe="0.00" Haber="0.00" SaldoFin="0.00"/>
  <Cta NumCta="253.02" SaldoIni="0.00" Debe="0.00" Haber="0.00" SaldoFin="0.00"/>
  <Cta NumCta="253.03" SaldoIni="0.00" Debe="0.00" Haber="0.00" SaldoFin="0.00"/>
  <Cta NumCta="253.04" SaldoIni="0.00" Debe="0.00" Haber="0.00" SaldoFin="0.00"/>
  <Cta NumCta="253.05" SaldoIni="0.00" Debe="0.00" Haber="0.00" SaldoFin="0.00"/>
  <Cta NumCta="253.06" SaldoIni="0.00" Debe="0.00" Haber="0.00" SaldoFin="0.00"/>
  <Cta NumCta="253.07" SaldoIni="0.00" Debe="0.00" Haber="0.00" SaldoFin="0.00"/>
  <Cta NumCta="253.08" SaldoIni="0.00" Debe="0.00" Haber="0.00" SaldoFin="0.00"/>
  <Cta NumCta="253.09" SaldoIni="0.00" Debe="0.00" Haber="0.00" SaldoFin="0.00"/>
  <Cta NumCta="253.10" SaldoIni="0.00" Debe="0.00" Haber="0.00" SaldoFin="0.00"/>
  <Cta NumCta="253.11" SaldoIni="0.00" Debe="0.00" Haber="0.00" SaldoFin="0.00"/>
  <Cta NumCta="253.12" SaldoIni="0.00" Debe="0.00" Haber="0.00" SaldoFin="0.00"/>
  <Cta NumCta="253.13" SaldoIni="0.00" Debe="0.00" Haber="0.00" SaldoFin="0.00"/>
  <Cta NumCta="253.14" SaldoIni="0.00" Debe="0.00" Haber="0.00" SaldoFin="0.00"/>
  <Cta NumCta="253.15" SaldoIni="0.00" Debe="0.00" Haber="0.00" SaldoFin="0.00"/>
  <Cta NumCta="253.16" SaldoIni="0.00" Debe="0.00" Haber="0.00" SaldoFin="0.00"/>
  <Cta NumCta="253.17" SaldoIni="0.00" Debe="0.00" Haber="0.00" SaldoFin="0.00"/>
  <Cta NumCta="253.18" SaldoIni="0.00" Debe="0.00" Haber="0.00" SaldoFin="0.00"/>
  <Cta NumCta="254" SaldoIni="0.00" Debe="0.00" Haber="0.00" SaldoFin="0.00"/>
  <Cta NumCta="254.01" SaldoIni="0.00" Debe="0.00" Haber="0.00" SaldoFin="0.00"/>
  <Cta NumCta="255" SaldoIni="0.00" Debe="0.00" Haber="0.00" SaldoFin="0.00"/>
  <Cta NumCta="255.01" SaldoIni="0.00" Debe="0.00" Haber="0.00" SaldoFin="0.00"/>
  <Cta NumCta="256" SaldoIni="0.00" Debe="0.00" Haber="0.00" SaldoFin="0.00"/>
  <Cta NumCta="256.01" SaldoIni="0.00" Debe="0.00" Haber="0.00" SaldoFin="0.00"/>
  <Cta NumCta="257" SaldoIni="0.00" Debe="0.00" Haber="0.00" SaldoFin="0.00"/>
  <Cta NumCta="257.01" SaldoIni="0.00" Debe="0.00" Haber="0.00" SaldoFin="0.00"/>
  <Cta NumCta="258" SaldoIni="0.00" Debe="0.00" Haber="0.00" SaldoFin="0.00"/>
  <Cta NumCta="258.01" SaldoIni="0.00" Debe="0.00" Haber="0.00" SaldoFin="0.00"/>
  <Cta NumCta="259" SaldoIni="0.00" Debe="0.00" Haber="0.00" SaldoFin="0.00"/>
  <Cta NumCta="259.01" SaldoIni="0.00" Debe="0.00" Haber="0.00" SaldoFin="0.00"/>
  <Cta NumCta="259.02" SaldoIni="0.00" Debe="0.00" Haber="0.00" SaldoFin="0.00"/>
  <Cta NumCta="259.03" SaldoIni="0.00" Debe="0.00" Haber="0.00" SaldoFin="0.00"/>
  <Cta NumCta="260" SaldoIni="0.00" Debe="0.00" Haber="0.00" SaldoFin="0.00"/>
  <Cta NumCta="260.01" SaldoIni="0.00" Debe="0.00" Haber="0.00" SaldoFin="0.00"/>
  <Cta NumCta="300" SaldoIni="0.00" Debe="0.00" Haber="0.00" SaldoFin="0.00"/>
  <Cta NumCta="301" SaldoIni="0.00" Debe="0.00" Haber="0.00" SaldoFin="0.00"/>
  <Cta NumCta="301.01" SaldoIni="0.00" Debe="0.00" Haber="0.00" SaldoFin="0.00"/>
  <Cta NumCta="301.02" SaldoIni="0.00" Debe="0.00" Haber="0.00" SaldoFin="0.00"/>
  <Cta NumCta="301.03" SaldoIni="0.00" Debe="0.00" Haber="0.00" SaldoFin="0.00"/>
  <Cta NumCta="301.04" SaldoIni="0.00" Debe="0.00" Haber="0.00" SaldoFin="0.00"/>
  <Cta NumCta="301.05" SaldoIni="0.00" Debe="0.00" Haber="0.00" SaldoFin="0.00"/>
  <Cta NumCta="302" SaldoIni="0.00" Debe="0.00" Haber="0.00" SaldoFin="0.00"/>
  <Cta NumCta="302.01" SaldoIni="0.00" Debe="0.00" Haber="0.00" SaldoFin="0.00"/>
  <Cta NumCta="302.02" SaldoIni="0.00" Debe="0.00" Haber="0.00" SaldoFin="0.00"/>
  <Cta NumCta="302.03" SaldoIni="0.00" Debe="0.00" Haber="0.00" SaldoFin="0.00"/>
  <Cta NumCta="303" SaldoIni="0.00" Debe="0.00" Haber="0.00" SaldoFin="0.00"/>
  <Cta NumCta="303.01" SaldoIni="0.00" Debe="0.00" Haber="0.00" SaldoFin="0.00"/>
  <Cta NumCta="304" SaldoIni="0.00" Debe="0.00" Haber="0.00" SaldoFin="0.00"/>
  <Cta NumCta="304.01" SaldoIni="0.00" Debe="0.00" Haber="0.00" SaldoFin="0.00"/>
  <Cta NumCta="304.02" SaldoIni="0.00" Debe="0.00" Haber="0.00" SaldoFin="0.00"/>
  <Cta NumCta="304.03" SaldoIni="0.00" Debe="0.00" Haber="0.00" SaldoFin="0.00"/>
  <Cta NumCta="304.04" SaldoIni="0.00" Debe="0.00" Haber="0.00" SaldoFin="0.00"/>
  <Cta NumCta="305" SaldoIni="0.00" Debe="0.00" Haber="0.00" SaldoFin="0.00"/>
  <Cta NumCta="305.01" SaldoIni="0.00" Debe="0.00" Haber="0.00" SaldoFin="0.00"/>
  <Cta NumCta="305.02" SaldoIni="0.00" Debe="0.00" Haber="0.00" SaldoFin="0.00"/>
  <Cta NumCta="305.03" SaldoIni="0.00" Debe="0.00" Haber="0.00" SaldoFin="0.00"/>
  <Cta NumCta="306" SaldoIni="0.00" Debe="0.00" Haber="0.00" SaldoFin="0.00"/>
  <Cta NumCta="306.01" SaldoIni="0.00" Debe="0.00" Haber="0.00" SaldoFin="0.00"/>
  <Cta NumCta="400" SaldoIni="0.00" Debe="0.00" Haber="0.00" SaldoFin="0.00"/>
  <Cta NumCta="401" SaldoIni="0.00" Debe="0.00" Haber="0.00" SaldoFin="0.00"/>
  <Cta NumCta="401.01" SaldoIni="0.00" Debe="0.00" Haber="0.00" SaldoFin="0.00"/>
  <Cta NumCta="401.02" SaldoIni="0.00" Debe="0.00" Haber="0.00" SaldoFin="0.00"/>
  <Cta NumCta="401.03" SaldoIni="0.00" Debe="0.00" Haber="0.00" SaldoFin="0.00"/>
  <Cta NumCta="401.04" SaldoIni="0.00" Debe="0.00" Haber="0.00" SaldoFin="0.00"/>
  <Cta NumCta="401.05" SaldoIni="0.00" Debe="0.00" Haber="0.00" SaldoFin="0.00"/>
  <Cta NumCta="401.06" SaldoIni="0.00" Debe="0.00" Haber="0.00" SaldoFin="0.00"/>
  <Cta NumCta="401.07" SaldoIni="0.00" Debe="0.00" Haber="0.00" SaldoFin="0.00"/>
  <Cta NumCta="401.08" SaldoIni="0.00" Debe="0.00" Haber="0.00" SaldoFin="0.00"/>
  <Cta NumCta="401.09" SaldoIni="0.00" Debe="0.00" Haber="0.00" SaldoFin="0.00"/>
  <Cta NumCta="401.10" SaldoIni="0.00" Debe="0.00" Haber="0.00" SaldoFin="0.00"/>
  <Cta NumCta="401.11" SaldoIni="0.00" Debe="0.00" Haber="0.00" SaldoFin="0.00"/>
  <Cta NumCta="401.12" SaldoIni="0.00" Debe="0.00" Haber="0.00" SaldoFin="0.00"/>
  <Cta NumCta="401.13" SaldoIni="0.00" Debe="0.00" Haber="0.00" SaldoFin="0.00"/>
  <Cta NumCta="401.14" SaldoIni="0.00" Debe="0.00" Haber="0.00" SaldoFin="0.00"/>
  <Cta NumCta="401.15" SaldoIni="0.00" Debe="0.00" Haber="0.00" SaldoFin="0.00"/>
  <Cta NumCta="401.16" SaldoIni="0.00" Debe="0.00" Haber="0.00" SaldoFin="0.00"/>
  <Cta NumCta="401.17" SaldoIni="0.00" Debe="0.00" Haber="0.00" SaldoFin="0.00"/>
  <Cta NumCta="401.18" SaldoIni="0.00" Debe="0.00" Haber="0.00" SaldoFin="0.00"/>
  <Cta NumCta="401.19" SaldoIni="0.00" Debe="0.00" Haber="0.00" SaldoFin="0.00"/>
  <Cta NumCta="401.20" SaldoIni="0.00" Debe="0.00" Haber="0.00" SaldoFin="0.00"/>
  <Cta NumCta="401.21" SaldoIni="0.00" Debe="0.00" Haber="0.00" SaldoFin="0.00"/>
  <Cta NumCta="401.22" SaldoIni="0.00" Debe="0.00" Haber="0.00" SaldoFin="0.00"/>
  <Cta NumCta="401.23" SaldoIni="0.00" Debe="0.00" Haber="0.00" SaldoFin="0.00"/>
  <Cta NumCta="401.24" SaldoIni="0.00" Debe="0.00" Haber="0.00" SaldoFin="0.00"/>
  <Cta NumCta="401.25" SaldoIni="0.00" Debe="0.00" Haber="0.00" SaldoFin="0.00"/>
  <Cta NumCta="401.26" SaldoIni="0.00" Debe="0.00" Haber="0.00" SaldoFin="0.00"/>
  <Cta NumCta="401.27" SaldoIni="0.00" Debe="0.00" Haber="0.00" SaldoFin="0.00"/>
  <Cta NumCta="401.28" SaldoIni="0.00" Debe="0.00" Haber="0.00" SaldoFin="0.00"/>
  <Cta NumCta="401.29" SaldoIni="0.00" Debe="0.00" Haber="0.00" SaldoFin="0.00"/>
  <Cta NumCta="401.30" SaldoIni="0.00" Debe="0.00" Haber="0.00" SaldoFin="0.00"/>
  <Cta NumCta="401.31" SaldoIni="0.00" Debe="0.00" Haber="0.00" SaldoFin="0.00"/>
  <Cta NumCta="401.32" SaldoIni="0.00" Debe="0.00" Haber="0.00" SaldoFin="0.00"/>
  <Cta NumCta="401.33" SaldoIni="0.00" Debe="0.00" Haber="0.00" SaldoFin="0.00"/>
  <Cta NumCta="401.34" SaldoIni="0.00" Debe="0.00" Haber="0.00" SaldoFin="0.00"/>
  <Cta NumCta="401.35" SaldoIni="0.00" Debe="0.00" Haber="0.00" SaldoFin="0.00"/>
  <Cta NumCta="401.36" SaldoIni="0.00" Debe="0.00" Haber="0.00" SaldoFin="0.00"/>
  <Cta NumCta="401.37" SaldoIni="0.00" Debe="0.00" Haber="0.00" SaldoFin="0.00"/>
  <Cta NumCta="401.38" SaldoIni="0.00" Debe="0.00" Haber="0.00" SaldoFin="0.00"/>
  <Cta NumCta="402" SaldoIni="0.00" Debe="0.00" Haber="0.00" SaldoFin="0.00"/>
  <Cta NumCta="402.01" SaldoIni="0.00" Debe="0.00" Haber="0.00" SaldoFin="0.00"/>
  <Cta NumCta="402.02" SaldoIni="0.00" Debe="0.00" Haber="0.00" SaldoFin="0.00"/>
  <Cta NumCta="402.03" SaldoIni="0.00" Debe="0.00" Haber="0.00" SaldoFin="0.00"/>
  <Cta NumCta="402.04" SaldoIni="0.00" Debe="0.00" Haber="0.00" SaldoFin="0.00"/>
  <Cta NumCta="403" SaldoIni="0.00" Debe="0.00" Haber="0.00" SaldoFin="0.00"/>
  <Cta NumCta="403.01" SaldoIni="0.00" Debe="0.00" Haber="0.00" SaldoFin="0.00"/>
  <Cta NumCta="403.02" SaldoIni="0.00" Debe="0.00" Haber="0.00" SaldoFin="0.00"/>
  <Cta NumCta="403.03" SaldoIni="0.00" Debe="0.00" Haber="0.00" SaldoFin="0.00"/>
  <Cta NumCta="403.04" SaldoIni="0.00" Debe="0.00" Haber="0.00" SaldoFin="0.00"/>
  <Cta NumCta="403.05" SaldoIni="0.00" Debe="0.00" Haber="0.00" SaldoFin="0.00"/>
  <Cta NumCta="500" SaldoIni="0.00" Debe="0.00" Haber="0.00" SaldoFin="0.00"/>
  <Cta NumCta="501" SaldoIni="0.00" Debe="0.00" Haber="0.00" SaldoFin="0.00"/>
  <Cta NumCta="501.01" SaldoIni="0.00" Debe="0.00" Haber="0.00" SaldoFin="0.00"/>
  <Cta NumCta="501.02" SaldoIni="0.00" Debe="0.00" Haber="0.00" SaldoFin="0.00"/>
  <Cta NumCta="501.03" SaldoIni="0.00" Debe="0.00" Haber="0.00" SaldoFin="0.00"/>
  <Cta NumCta="501.04" SaldoIni="0.00" Debe="0.00" Haber="0.00" SaldoFin="0.00"/>
  <Cta NumCta="501.05" SaldoIni="0.00" Debe="0.00" Haber="0.00" SaldoFin="0.00"/>
  <Cta NumCta="501.06" SaldoIni="0.00" Debe="0.00" Haber="0.00" SaldoFin="0.00"/>
  <Cta NumCta="501.07" SaldoIni="0.00" Debe="0.00" Haber="0.00" SaldoFin="0.00"/>
  <Cta NumCta="501.08" SaldoIni="0.00" Debe="0.00" Haber="0.00" SaldoFin="0.00"/>
  <Cta NumCta="502" SaldoIni="0.00" Debe="0.00" Haber="0.00" SaldoFin="0.00"/>
  <Cta NumCta="502.01" SaldoIni="0.00" Debe="0.00" Haber="0.00" SaldoFin="0.00"/>
  <Cta NumCta="502.02" SaldoIni="0.00" Debe="0.00" Haber="0.00" SaldoFin="0.00"/>
  <Cta NumCta="502.03" SaldoIni="0.00" Debe="0.00" Haber="0.00" SaldoFin="0.00"/>
  <Cta NumCta="502.04" SaldoIni="0.00" Debe="0.00" Haber="0.00" SaldoFin="0.00"/>
  <Cta NumCta="503" SaldoIni="0.00" Debe="0.00" Haber="0.00" SaldoFin="0.00"/>
  <Cta NumCta="503.01" SaldoIni="0.00" Debe="0.00" Haber="0.00" SaldoFin="0.00"/>
  <Cta NumCta="504" SaldoIni="0.00" Debe="0.00" Haber="0.00" SaldoFin="0.00"/>
  <Cta NumCta="504.01" SaldoIni="0.00" Debe="0.00" Haber="0.00" SaldoFin="0.00"/>
  <Cta NumCta="504.02" SaldoIni="0.00" Debe="0.00" Haber="0.00" SaldoFin="0.00"/>
  <Cta NumCta="504.03" SaldoIni="0.00" Debe="0.00" Haber="0.00" SaldoFin="0.00"/>
  <Cta NumCta="504.04" SaldoIni="0.00" Debe="0.00" Haber="0.00" SaldoFin="0.00"/>
  <Cta NumCta="504.05" SaldoIni="0.00" Debe="0.00" Haber="0.00" SaldoFin="0.00"/>
  <Cta NumCta="504.06" SaldoIni="0.00" Debe="0.00" Haber="0.00" SaldoFin="0.00"/>
  <Cta NumCta="504.07" SaldoIni="0.00" Debe="0.00" Haber="0.00" SaldoFin="0.00"/>
  <Cta NumCta="504.08" SaldoIni="0.00" Debe="0.00" Haber="0.00" SaldoFin="0.00"/>
  <Cta NumCta="504.09" SaldoIni="0.00" Debe="0.00" Haber="0.00" SaldoFin="0.00"/>
  <Cta NumCta="504.10" SaldoIni="0.00" Debe="0.00" Haber="0.00" SaldoFin="0.00"/>
  <Cta NumCta="504.11" SaldoIni="0.00" Debe="0.00" Haber="0.00" SaldoFin="0.00"/>
  <Cta NumCta="504.12" SaldoIni="0.00" Debe="0.00" Haber="0.00" SaldoFin="0.00"/>
  <Cta NumCta="504.13" SaldoIni="0.00" Debe="0.00" Haber="0.00" SaldoFin="0.00"/>
  <Cta NumCta="504.14" SaldoIni="0.00" Debe="0.00" Haber="0.00" SaldoFin="0.00"/>
  <Cta NumCta="504.15" SaldoIni="0.00" Debe="0.00" Haber="0.00" SaldoFin="0.00"/>
  <Cta NumCta="504.16" SaldoIni="0.00" Debe="0.00" Haber="0.00" SaldoFin="0.00"/>
  <Cta NumCta="504.17" SaldoIni="0.00" Debe="0.00" Haber="0.00" SaldoFin="0.00"/>
  <Cta NumCta="504.18" SaldoIni="0.00" Debe="0.00" Haber="0.00" SaldoFin="0.00"/>
  <Cta NumCta="504.19" SaldoIni="0.00" Debe="0.00" Haber="0.00" SaldoFin="0.00"/>
  <Cta NumCta="504.20" SaldoIni="0.00" Debe="0.00" Haber="0.00" SaldoFin="0.00"/>
  <Cta NumCta="504.21" SaldoIni="0.00" Debe="0.00" Haber="0.00" SaldoFin="0.00"/>
  <Cta NumCta="504.22" SaldoIni="0.00" Debe="0.00" Haber="0.00" SaldoFin="0.00"/>
  <Cta NumCta="504.23" SaldoIni="0.00" Debe="0.00" Haber="0.00" SaldoFin="0.00"/>
  <Cta NumCta="504.24" SaldoIni="0.00" Debe="0.00" Haber="0.00" SaldoFin="0.00"/>
  <Cta NumCta="504.25" SaldoIni="0.00" Debe="0.00" Haber="0.00" SaldoFin="0.00"/>
  <Cta NumCta="505" SaldoIni="0.00" Debe="0.00" Haber="0.00" SaldoFin="0.00"/>
  <Cta NumCta="505.01" SaldoIni="0.00" Debe="0.00" Haber="0.00" SaldoFin="0.00"/>
  <Cta NumCta="505.02" SaldoIni="0.00" Debe="0.00" Haber="0.00" SaldoFin="0.00"/>
  <Cta NumCta="600" SaldoIni="0.00" Debe="0.00" Haber="0.00" SaldoFin="0.00"/>
  <Cta NumCta="601" SaldoIni="0.00" Debe="0.00" Haber="0.00" SaldoFin="0.00"/>
  <Cta NumCta="601.01" SaldoIni="0.00" Debe="0.00" Haber="0.00" SaldoFin="0.00"/>
  <Cta NumCta="601.02" SaldoIni="0.00" Debe="0.00" Haber="0.00" SaldoFin="0.00"/>
  <Cta NumCta="601.03" SaldoIni="0.00" Debe="0.00" Haber="0.00" SaldoFin="0.00"/>
  <Cta NumCta="601.04" SaldoIni="0.00" Debe="0.00" Haber="0.00" SaldoFin="0.00"/>
  <Cta NumCta="601.05" SaldoIni="0.00" Debe="0.00" Haber="0.00" SaldoFin="0.00"/>
  <Cta NumCta="601.06" SaldoIni="0.00" Debe="0.00" Haber="0.00" SaldoFin="0.00"/>
  <Cta NumCta="601.07" SaldoIni="0.00" Debe="0.00" Haber="0.00" SaldoFin="0.00"/>
  <Cta NumCta="601.08" SaldoIni="0.00" Debe="0.00" Haber="0.00" SaldoFin="0.00"/>
  <Cta NumCta="601.09" SaldoIni="0.00" Debe="0.00" Haber="0.00" SaldoFin="0.00"/>
  <Cta NumCta="601.10" SaldoIni="0.00" Debe="0.00" Haber="0.00" SaldoFin="0.00"/>
  <Cta NumCta="601.11" SaldoIni="0.00" Debe="0.00" Haber="0.00" SaldoFin="0.00"/>
  <Cta NumCta="601.12" SaldoIni="0.00" Debe="0.00" Haber="0.00" SaldoFin="0.00"/>
  <Cta NumCta="601.13" SaldoIni="0.00" Debe="0.00" Haber="0.00" SaldoFin="0.00"/>
  <Cta NumCta="601.14" SaldoIni="0.00" Debe="0.00" Haber="0.00" SaldoFin="0.00"/>
  <Cta NumCta="601.15" SaldoIni="0.00" Debe="0.00" Haber="0.00" SaldoFin="0.00"/>
  <Cta NumCta="601.16" SaldoIni="0.00" Debe="0.00" Haber="0.00" SaldoFin="0.00"/>
  <Cta NumCta="601.17" SaldoIni="0.00" Debe="0.00" Haber="0.00" SaldoFin="0.00"/>
  <Cta NumCta="601.18" SaldoIni="0.00" Debe="0.00" Haber="0.00" SaldoFin="0.00"/>
  <Cta NumCta="601.19" SaldoIni="0.00" Debe="0.00" Haber="0.00" SaldoFin="0.00"/>
  <Cta NumCta="601.20" SaldoIni="0.00" Debe="0.00" Haber="0.00" SaldoFin="0.00"/>
  <Cta NumCta="601.21" SaldoIni="0.00" Debe="0.00" Haber="0.00" SaldoFin="0.00"/>
  <Cta NumCta="601.22" SaldoIni="0.00" Debe="0.00" Haber="0.00" SaldoFin="0.00"/>
  <Cta NumCta="601.23" SaldoIni="0.00" Debe="0.00" Haber="0.00" SaldoFin="0.00"/>
  <Cta NumCta="601.24" SaldoIni="0.00" Debe="0.00" Haber="0.00" SaldoFin="0.00"/>
  <Cta NumCta="601.25" SaldoIni="0.00" Debe="0.00" Haber="0.00" SaldoFin="0.00"/>
  <Cta NumCta="601.26" SaldoIni="0.00" Debe="0.00" Haber="0.00" SaldoFin="0.00"/>
  <Cta NumCta="601.27" SaldoIni="0.00" Debe="0.00" Haber="0.00" SaldoFin="0.00"/>
  <Cta NumCta="601.28" SaldoIni="0.00" Debe="0.00" Haber="0.00" SaldoFin="0.00"/>
  <Cta NumCta="601.29" SaldoIni="0.00" Debe="0.00" Haber="0.00" SaldoFin="0.00"/>
  <Cta NumCta="601.30" SaldoIni="0.00" Debe="0.00" Haber="0.00" SaldoFin="0.00"/>
  <Cta NumCta="601.31" SaldoIni="0.00" Debe="0.00" Haber="0.00" SaldoFin="0.00"/>
  <Cta NumCta="601.32" SaldoIni="0.00" Debe="0.00" Haber="0.00" SaldoFin="0.00"/>
  <Cta NumCta="601.33" SaldoIni="0.00" Debe="0.00" Haber="0.00" SaldoFin="0.00"/>
  <Cta NumCta="601.34" SaldoIni="0.00" Debe="0.00" Haber="0.00" SaldoFin="0.00"/>
  <Cta NumCta="601.35" SaldoIni="0.00" Debe="0.00" Haber="0.00" SaldoFin="0.00"/>
  <Cta NumCta="601.36" SaldoIni="0.00" Debe="0.00" Haber="0.00" SaldoFin="0.00"/>
  <Cta NumCta="601.37" SaldoIni="0.00" Debe="0.00" Haber="0.00" SaldoFin="0.00"/>
  <Cta NumCta="601.38" SaldoIni="0.00" Debe="0.00" Haber="0.00" SaldoFin="0.00"/>
  <Cta NumCta="601.39" SaldoIni="0.00" Debe="0.00" Haber="0.00" SaldoFin="0.00"/>
  <Cta NumCta="601.40" SaldoIni="0.00" Debe="0.00" Haber="0.00" SaldoFin="0.00"/>
  <Cta NumCta="601.41" SaldoIni="0.00" Debe="0.00" Haber="0.00" SaldoFin="0.00"/>
  <Cta NumCta="601.42" SaldoIni="0.00" Debe="0.00" Haber="0.00" SaldoFin="0.00"/>
  <Cta NumCta="601.43" SaldoIni="0.00" Debe="0.00" Haber="0.00" SaldoFin="0.00"/>
  <Cta NumCta="601.44" SaldoIni="0.00" Debe="0.00" Haber="0.00" SaldoFin="0.00"/>
  <Cta NumCta="601.45" SaldoIni="0.00" Debe="0.00" Haber="0.00" SaldoFin="0.00"/>
  <Cta NumCta="601.46" SaldoIni="0.00" Debe="0.00" Haber="0.00" SaldoFin="0.00"/>
  <Cta NumCta="601.47" SaldoIni="0.00" Debe="0.00" Haber="0.00" SaldoFin="0.00"/>
  <Cta NumCta="601.48" SaldoIni="0.00" Debe="0.00" Haber="0.00" SaldoFin="0.00"/>
  <Cta NumCta="601.49" SaldoIni="0.00" Debe="0.00" Haber="0.00" SaldoFin="0.00"/>
  <Cta NumCta="601.50" SaldoIni="0.00" Debe="0.00" Haber="0.00" SaldoFin="0.00"/>
  <Cta NumCta="601.51" SaldoIni="0.00" Debe="0.00" Haber="0.00" SaldoFin="0.00"/>
  <Cta NumCta="601.52" SaldoIni="0.00" Debe="0.00" Haber="0.00" SaldoFin="0.00"/>
  <Cta NumCta="601.53" SaldoIni="0.00" Debe="0.00" Haber="0.00" SaldoFin="0.00"/>
  <Cta NumCta="601.54" SaldoIni="0.00" Debe="0.00" Haber="0.00" SaldoFin="0.00"/>
  <Cta NumCta="601.55" SaldoIni="0.00" Debe="0.00" Haber="0.00" SaldoFin="0.00"/>
  <Cta NumCta="601.56" SaldoIni="0.00" Debe="0.00" Haber="0.00" SaldoFin="0.00"/>
  <Cta NumCta="601.57" SaldoIni="0.00" Debe="0.00" Haber="0.00" SaldoFin="0.00"/>
  <Cta NumCta="601.58" SaldoIni="0.00" Debe="0.00" Haber="0.00" SaldoFin="0.00"/>
  <Cta NumCta="601.59" SaldoIni="0.00" Debe="0.00" Haber="0.00" SaldoFin="0.00"/>
  <Cta NumCta="601.60" SaldoIni="0.00" Debe="0.00" Haber="0.00" SaldoFin="0.00"/>
  <Cta NumCta="601.61" SaldoIni="0.00" Debe="0.00" Haber="0.00" SaldoFin="0.00"/>
  <Cta NumCta="601.62" SaldoIni="0.00" Debe="0.00" Haber="0.00" SaldoFin="0.00"/>
  <Cta NumCta="601.63" SaldoIni="0.00" Debe="0.00" Haber="0.00" SaldoFin="0.00"/>
  <Cta NumCta="601.64" SaldoIni="0.00" Debe="0.00" Haber="0.00" SaldoFin="0.00"/>
  <Cta NumCta="601.65" SaldoIni="0.00" Debe="0.00" Haber="0.00" SaldoFin="0.00"/>
  <Cta NumCta="601.66" SaldoIni="0.00" Debe="0.00" Haber="0.00" SaldoFin="0.00"/>
  <Cta NumCta="601.67" SaldoIni="0.00" Debe="0.00" Haber="0.00" SaldoFin="0.00"/>
  <Cta NumCta="601.68" SaldoIni="0.00" Debe="0.00" Haber="0.00" SaldoFin="0.00"/>
  <Cta NumCta="601.69" SaldoIni="0.00" Debe="0.00" Haber="0.00" SaldoFin="0.00"/>
  <Cta NumCta="601.70" SaldoIni="0.00" Debe="0.00" Haber="0.00" SaldoFin="0.00"/>
  <Cta NumCta="601.71" SaldoIni="0.00" Debe="0.00" Haber="0.00" SaldoFin="0.00"/>
  <Cta NumCta="601.72" SaldoIni="0.00" Debe="0.00" Haber="0.00" SaldoFin="0.00"/>
  <Cta NumCta="601.73" SaldoIni="0.00" Debe="0.00" Haber="0.00" SaldoFin="0.00"/>
  <Cta NumCta="601.74" SaldoIni="0.00" Debe="0.00" Haber="0.00" SaldoFin="0.00"/>
  <Cta NumCta="601.75" SaldoIni="0.00" Debe="0.00" Haber="0.00" SaldoFin="0.00"/>
  <Cta NumCta="601.76" SaldoIni="0.00" Debe="0.00" Haber="0.00" SaldoFin="0.00"/>
  <Cta NumCta="601.77" SaldoIni="0.00" Debe="0.00" Haber="0.00" SaldoFin="0.00"/>
  <Cta NumCta="601.78" SaldoIni="0.00" Debe="0.00" Haber="0.00" SaldoFin="0.00"/>
  <Cta NumCta="601.79" SaldoIni="0.00" Debe="0.00" Haber="0.00" SaldoFin="0.00"/>
  <Cta NumCta="601.80" SaldoIni="0.00" Debe="0.00" Haber="0.00" SaldoFin="0.00"/>
  <Cta NumCta="601.81" SaldoIni="0.00" Debe="0.00" Haber="0.00" SaldoFin="0.00"/>
  <Cta NumCta="601.82" SaldoIni="0.00" Debe="0.00" Haber="0.00" SaldoFin="0.00"/>
  <Cta NumCta="601.83" SaldoIni="0.00" Debe="0.00" Haber="0.00" SaldoFin="0.00"/>
  <Cta NumCta="601.84" SaldoIni="0.00" Debe="0.00" Haber="0.00" SaldoFin="0.00"/>
  <Cta NumCta="602" SaldoIni="0.00" Debe="0.00" Haber="0.00" SaldoFin="0.00"/>
  <Cta NumCta="602.01" SaldoIni="0.00" Debe="0.00" Haber="0.00" SaldoFin="0.00"/>
  <Cta NumCta="602.02" SaldoIni="0.00" Debe="0.00" Haber="0.00" SaldoFin="0.00"/>
  <Cta NumCta="602.03" SaldoIni="0.00" Debe="0.00" Haber="0.00" SaldoFin="0.00"/>
  <Cta NumCta="602.04" SaldoIni="0.00" Debe="0.00" Haber="0.00" SaldoFin="0.00"/>
  <Cta NumCta="602.05" SaldoIni="0.00" Debe="0.00" Haber="0.00" SaldoFin="0.00"/>
  <Cta NumCta="602.06" SaldoIni="0.00" Debe="0.00" Haber="0.00" SaldoFin="0.00"/>
  <Cta NumCta="602.07" SaldoIni="0.00" Debe="0.00" Haber="0.00" SaldoFin="0.00"/>
  <Cta NumCta="602.08" SaldoIni="0.00" Debe="0.00" Haber="0.00" SaldoFin="0.00"/>
  <Cta NumCta="602.09" SaldoIni="0.00" Debe="0.00" Haber="0.00" SaldoFin="0.00"/>
  <Cta NumCta="602.10" SaldoIni="0.00" Debe="0.00" Haber="0.00" SaldoFin="0.00"/>
  <Cta NumCta="602.11" SaldoIni="0.00" Debe="0.00" Haber="0.00" SaldoFin="0.00"/>
  <Cta NumCta="602.12" SaldoIni="0.00" Debe="0.00" Haber="0.00" SaldoFin="0.00"/>
  <Cta NumCta="602.13" SaldoIni="0.00" Debe="0.00" Haber="0.00" SaldoFin="0.00"/>
  <Cta NumCta="602.14" SaldoIni="0.00" Debe="0.00" Haber="0.00" SaldoFin="0.00"/>
  <Cta NumCta="602.15" SaldoIni="0.00" Debe="0.00" Haber="0.00" SaldoFin="0.00"/>
  <Cta NumCta="602.16" SaldoIni="0.00" Debe="0.00" Haber="0.00" SaldoFin="0.00"/>
  <Cta NumCta="602.17" SaldoIni="0.00" Debe="0.00" Haber="0.00" SaldoFin="0.00"/>
  <Cta NumCta="602.18" SaldoIni="0.00" Debe="0.00" Haber="0.00" SaldoFin="0.00"/>
  <Cta NumCta="602.19" SaldoIni="0.00" Debe="0.00" Haber="0.00" SaldoFin="0.00"/>
  <Cta NumCta="602.20" SaldoIni="0.00" Debe="0.00" Haber="0.00" SaldoFin="0.00"/>
  <Cta NumCta="602.21" SaldoIni="0.00" Debe="0.00" Haber="0.00" SaldoFin="0.00"/>
  <Cta NumCta="602.22" SaldoIni="0.00" Debe="0.00" Haber="0.00" SaldoFin="0.00"/>
  <Cta NumCta="602.23" SaldoIni="0.00" Debe="0.00" Haber="0.00" SaldoFin="0.00"/>
  <Cta NumCta="602.24" SaldoIni="0.00" Debe="0.00" Haber="0.00" SaldoFin="0.00"/>
  <Cta NumCta="602.25" SaldoIni="0.00" Debe="0.00" Haber="0.00" SaldoFin="0.00"/>
  <Cta NumCta="602.26" SaldoIni="0.00" Debe="0.00" Haber="0.00" SaldoFin="0.00"/>
  <Cta NumCta="602.27" SaldoIni="0.00" Debe="0.00" Haber="0.00" SaldoFin="0.00"/>
  <Cta NumCta="602.28" SaldoIni="0.00" Debe="0.00" Haber="0.00" SaldoFin="0.00"/>
  <Cta NumCta="602.29" SaldoIni="0.00" Debe="0.00" Haber="0.00" SaldoFin="0.00"/>
  <Cta NumCta="602.30" SaldoIni="0.00" Debe="0.00" Haber="0.00" SaldoFin="0.00"/>
  <Cta NumCta="602.31" SaldoIni="0.00" Debe="0.00" Haber="0.00" SaldoFin="0.00"/>
  <Cta NumCta="602.32" SaldoIni="0.00" Debe="0.00" Haber="0.00" SaldoFin="0.00"/>
  <Cta NumCta="602.33" SaldoIni="0.00" Debe="0.00" Haber="0.00" SaldoFin="0.00"/>
  <Cta NumCta="602.34" SaldoIni="0.00" Debe="0.00" Haber="0.00" SaldoFin="0.00"/>
  <Cta NumCta="602.35" SaldoIni="0.00" Debe="0.00" Haber="0.00" SaldoFin="0.00"/>
  <Cta NumCta="602.36" SaldoIni="0.00" Debe="0.00" Haber="0.00" SaldoFin="0.00"/>
  <Cta NumCta="602.37" SaldoIni="0.00" Debe="0.00" Haber="0.00" SaldoFin="0.00"/>
  <Cta NumCta="602.38" SaldoIni="0.00" Debe="0.00" Haber="0.00" SaldoFin="0.00"/>
  <Cta NumCta="602.39" SaldoIni="0.00" Debe="0.00" Haber="0.00" SaldoFin="0.00"/>
  <Cta NumCta="602.40" SaldoIni="0.00" Debe="0.00" Haber="0.00" SaldoFin="0.00"/>
  <Cta NumCta="602.41" SaldoIni="0.00" Debe="0.00" Haber="0.00" SaldoFin="0.00"/>
  <Cta NumCta="602.42" SaldoIni="0.00" Debe="0.00" Haber="0.00" SaldoFin="0.00"/>
  <Cta NumCta="602.43" SaldoIni="0.00" Debe="0.00" Haber="0.00" SaldoFin="0.00"/>
  <Cta NumCta="602.44" SaldoIni="0.00" Debe="0.00" Haber="0.00" SaldoFin="0.00"/>
  <Cta NumCta="602.45" SaldoIni="0.00" Debe="0.00" Haber="0.00" SaldoFin="0.00"/>
  <Cta NumCta="602.46" SaldoIni="0.00" Debe="0.00" Haber="0.00" SaldoFin="0.00"/>
  <Cta NumCta="602.47" SaldoIni="0.00" Debe="0.00" Haber="0.00" SaldoFin="0.00"/>
  <Cta NumCta="602.48" SaldoIni="0.00" Debe="0.00" Haber="0.00" SaldoFin="0.00"/>
  <Cta NumCta="602.49" SaldoIni="0.00" Debe="0.00" Haber="0.00" SaldoFin="0.00"/>
  <Cta NumCta="602.50" SaldoIni="0.00" Debe="0.00" Haber="0.00" SaldoFin="0.00"/>
  <Cta NumCta="602.51" SaldoIni="0.00" Debe="0.00" Haber="0.00" SaldoFin="0.00"/>
  <Cta NumCta="602.52" SaldoIni="0.00" Debe="0.00" Haber="0.00" SaldoFin="0.00"/>
  <Cta NumCta="602.53" SaldoIni="0.00" Debe="0.00" Haber="0.00" SaldoFin="0.00"/>
  <Cta NumCta="602.54" SaldoIni="0.00" Debe="0.00" Haber="0.00" SaldoFin="0.00"/>
  <Cta NumCta="602.55" SaldoIni="0.00" Debe="0.00" Haber="0.00" SaldoFin="0.00"/>
  <Cta NumCta="602.56" SaldoIni="0.00" Debe="0.00" Haber="0.00" SaldoFin="0.00"/>
  <Cta NumCta="602.57" SaldoIni="0.00" Debe="0.00" Haber="0.00" SaldoFin="0.00"/>
  <Cta NumCta="602.58" SaldoIni="0.00" Debe="0.00" Haber="0.00" SaldoFin="0.00"/>
  <Cta NumCta="602.59" SaldoIni="0.00" Debe="0.00" Haber="0.00" SaldoFin="0.00"/>
  <Cta NumCta="602.60" SaldoIni="0.00" Debe="0.00" Haber="0.00" SaldoFin="0.00"/>
  <Cta NumCta="602.61" SaldoIni="0.00" Debe="0.00" Haber="0.00" SaldoFin="0.00"/>
  <Cta NumCta="602.62" SaldoIni="0.00" Debe="0.00" Haber="0.00" SaldoFin="0.00"/>
  <Cta NumCta="602.63" SaldoIni="0.00" Debe="0.00" Haber="0.00" SaldoFin="0.00"/>
  <Cta NumCta="602.64" SaldoIni="0.00" Debe="0.00" Haber="0.00" SaldoFin="0.00"/>
  <Cta NumCta="602.65" SaldoIni="0.00" Debe="0.00" Haber="0.00" SaldoFin="0.00"/>
  <Cta NumCta="602.66" SaldoIni="0.00" Debe="0.00" Haber="0.00" SaldoFin="0.00"/>
  <Cta NumCta="602.67" SaldoIni="0.00" Debe="0.00" Haber="0.00" SaldoFin="0.00"/>
  <Cta NumCta="602.68" SaldoIni="0.00" Debe="0.00" Haber="0.00" SaldoFin="0.00"/>
  <Cta NumCta="602.69" SaldoIni="0.00" Debe="0.00" Haber="0.00" SaldoFin="0.00"/>
  <Cta NumCta="602.70" SaldoIni="0.00" Debe="0.00" Haber="0.00" SaldoFin="0.00"/>
  <Cta NumCta="602.71" SaldoIni="0.00" Debe="0.00" Haber="0.00" SaldoFin="0.00"/>
  <Cta NumCta="602.72" SaldoIni="0.00" Debe="0.00" Haber="0.00" SaldoFin="0.00"/>
  <Cta NumCta="602.73" SaldoIni="0.00" Debe="0.00" Haber="0.00" SaldoFin="0.00"/>
  <Cta NumCta="602.74" SaldoIni="0.00" Debe="0.00" Haber="0.00" SaldoFin="0.00"/>
  <Cta NumCta="602.75" SaldoIni="0.00" Debe="0.00" Haber="0.00" SaldoFin="0.00"/>
  <Cta NumCta="602.76" SaldoIni="0.00" Debe="0.00" Haber="0.00" SaldoFin="0.00"/>
  <Cta NumCta="602.77" SaldoIni="0.00" Debe="0.00" Haber="0.00" SaldoFin="0.00"/>
  <Cta NumCta="602.78" SaldoIni="0.00" Debe="0.00" Haber="0.00" SaldoFin="0.00"/>
  <Cta NumCta="602.79" SaldoIni="0.00" Debe="0.00" Haber="0.00" SaldoFin="0.00"/>
  <Cta NumCta="602.80" SaldoIni="0.00" Debe="0.00" Haber="0.00" SaldoFin="0.00"/>
  <Cta NumCta="602.81" SaldoIni="0.00" Debe="0.00" Haber="0.00" SaldoFin="0.00"/>
  <Cta NumCta="602.82" SaldoIni="0.00" Debe="0.00" Haber="0.00" SaldoFin="0.00"/>
  <Cta NumCta="602.83" SaldoIni="0.00" Debe="0.00" Haber="0.00" SaldoFin="0.00"/>
  <Cta NumCta="602.84" SaldoIni="0.00" Debe="0.00" Haber="0.00" SaldoFin="0.00"/>
  <Cta NumCta="603" SaldoIni="0.00" Debe="0.00" Haber="0.00" SaldoFin="0.00"/>
  <Cta NumCta="603.01" SaldoIni="0.00" Debe="0.00" Haber="0.00" SaldoFin="0.00"/>
  <Cta NumCta="603.02" SaldoIni="0.00" Debe="0.00" Haber="0.00" SaldoFin="0.00"/>
  <Cta NumCta="603.03" SaldoIni="0.00" Debe="0.00" Haber="0.00" SaldoFin="0.00"/>
  <Cta NumCta="603.04" SaldoIni="0.00" Debe="0.00" Haber="0.00" SaldoFin="0.00"/>
  <Cta NumCta="603.05" SaldoIni="0.00" Debe="0.00" Haber="0.00" SaldoFin="0.00"/>
  <Cta NumCta="603.06" SaldoIni="0.00" Debe="0.00" Haber="0.00" SaldoFin="0.00"/>
  <Cta NumCta="603.07" SaldoIni="0.00" Debe="0.00" Haber="0.00" SaldoFin="0.00"/>
  <Cta NumCta="603.08" SaldoIni="0.00" Debe="0.00" Haber="0.00" SaldoFin="0.00"/>
  <Cta NumCta="603.09" SaldoIni="0.00" Debe="0.00" Haber="0.00" SaldoFin="0.00"/>
  <Cta NumCta="603.10" SaldoIni="0.00" Debe="0.00" Haber="0.00" SaldoFin="0.00"/>
  <Cta NumCta="603.11" SaldoIni="0.00" Debe="0.00" Haber="0.00" SaldoFin="0.00"/>
  <Cta NumCta="603.12" SaldoIni="0.00" Debe="0.00" Haber="0.00" SaldoFin="0.00"/>
  <Cta NumCta="603.13" SaldoIni="0.00" Debe="0.00" Haber="0.00" SaldoFin="0.00"/>
  <Cta NumCta="603.14" SaldoIni="0.00" Debe="0.00" Haber="0.00" SaldoFin="0.00"/>
  <Cta NumCta="603.15" SaldoIni="0.00" Debe="0.00" Haber="0.00" SaldoFin="0.00"/>
  <Cta NumCta="603.16" SaldoIni="0.00" Debe="0.00" Haber="0.00" SaldoFin="0.00"/>
  <Cta NumCta="603.17" SaldoIni="0.00" Debe="0.00" Haber="0.00" SaldoFin="0.00"/>
  <Cta NumCta="603.18" SaldoIni="0.00" Debe="0.00" Haber="0.00" SaldoFin="0.00"/>
  <Cta NumCta="603.19" SaldoIni="0.00" Debe="0.00" Haber="0.00" SaldoFin="0.00"/>
  <Cta NumCta="603.20" SaldoIni="0.00" Debe="0.00" Haber="0.00" SaldoFin="0.00"/>
  <Cta NumCta="603.21" SaldoIni="0.00" Debe="0.00" Haber="0.00" SaldoFin="0.00"/>
  <Cta NumCta="603.22" SaldoIni="0.00" Debe="0.00" Haber="0.00" SaldoFin="0.00"/>
  <Cta NumCta="603.23" SaldoIni="0.00" Debe="0.00" Haber="0.00" SaldoFin="0.00"/>
  <Cta NumCta="603.24" SaldoIni="0.00" Debe="0.00" Haber="0.00" SaldoFin="0.00"/>
  <Cta NumCta="603.25" SaldoIni="0.00" Debe="0.00" Haber="0.00" SaldoFin="0.00"/>
  <Cta NumCta="603.26" SaldoIni="0.00" Debe="0.00" Haber="0.00" SaldoFin="0.00"/>
  <Cta NumCta="603.27" SaldoIni="0.00" Debe="0.00" Haber="0.00" SaldoFin="0.00"/>
  <Cta NumCta="603.28" SaldoIni="0.00" Debe="0.00" Haber="0.00" SaldoFin="0.00"/>
  <Cta NumCta="603.29" SaldoIni="0.00" Debe="0.00" Haber="0.00" SaldoFin="0.00"/>
  <Cta NumCta="603.30" SaldoIni="0.00" Debe="0.00" Haber="0.00" SaldoFin="0.00"/>
  <Cta NumCta="603.31" SaldoIni="0.00" Debe="0.00" Haber="0.00" SaldoFin="0.00"/>
  <Cta NumCta="603.32" SaldoIni="0.00" Debe="0.00" Haber="0.00" SaldoFin="0.00"/>
  <Cta NumCta="603.33" SaldoIni="0.00" Debe="0.00" Haber="0.00" SaldoFin="0.00"/>
  <Cta NumCta="603.34" SaldoIni="0.00" Debe="0.00" Haber="0.00" SaldoFin="0.00"/>
  <Cta NumCta="603.35" SaldoIni="0.00" Debe="0.00" Haber="0.00" SaldoFin="0.00"/>
  <Cta NumCta="603.36" SaldoIni="0.00" Debe="0.00" Haber="0.00" SaldoFin="0.00"/>
  <Cta NumCta="603.37" SaldoIni="0.00" Debe="0.00" Haber="0.00" SaldoFin="0.00"/>
  <Cta NumCta="603.38" SaldoIni="0.00" Debe="0.00" Haber="0.00" SaldoFin="0.00"/>
  <Cta NumCta="603.39" SaldoIni="0.00" Debe="0.00" Haber="0.00" SaldoFin="0.00"/>
  <Cta NumCta="603.40" SaldoIni="0.00" Debe="0.00" Haber="0.00" SaldoFin="0.00"/>
  <Cta NumCta="603.41" SaldoIni="0.00" Debe="0.00" Haber="0.00" SaldoFin="0.00"/>
  <Cta NumCta="603.42" SaldoIni="0.00" Debe="0.00" Haber="0.00" SaldoFin="0.00"/>
  <Cta NumCta="603.43" SaldoIni="0.00" Debe="0.00" Haber="0.00" SaldoFin="0.00"/>
  <Cta NumCta="603.44" SaldoIni="0.00" Debe="0.00" Haber="0.00" SaldoFin="0.00"/>
  <Cta NumCta="603.45" SaldoIni="0.00" Debe="0.00" Haber="0.00" SaldoFin="0.00"/>
  <Cta NumCta="603.46" SaldoIni="0.00" Debe="0.00" Haber="0.00" SaldoFin="0.00"/>
  <Cta NumCta="603.47" SaldoIni="0.00" Debe="0.00" Haber="0.00" SaldoFin="0.00"/>
  <Cta NumCta="603.48" SaldoIni="0.00" Debe="0.00" Haber="0.00" SaldoFin="0.00"/>
  <Cta NumCta="603.49" SaldoIni="0.00" Debe="0.00" Haber="0.00" SaldoFin="0.00"/>
  <Cta NumCta="603.50" SaldoIni="0.00" Debe="0.00" Haber="0.00" SaldoFin="0.00"/>
  <Cta NumCta="603.51" SaldoIni="0.00" Debe="0.00" Haber="0.00" SaldoFin="0.00"/>
  <Cta NumCta="603.52" SaldoIni="0.00" Debe="0.00" Haber="0.00" SaldoFin="0.00"/>
  <Cta NumCta="603.53" SaldoIni="0.00" Debe="0.00" Haber="0.00" SaldoFin="0.00"/>
  <Cta NumCta="603.54" SaldoIni="0.00" Debe="0.00" Haber="0.00" SaldoFin="0.00"/>
  <Cta NumCta="603.55" SaldoIni="0.00" Debe="0.00" Haber="0.00" SaldoFin="0.00"/>
  <Cta NumCta="603.56" SaldoIni="0.00" Debe="0.00" Haber="0.00" SaldoFin="0.00"/>
  <Cta NumCta="603.57" SaldoIni="0.00" Debe="0.00" Haber="0.00" SaldoFin="0.00"/>
  <Cta NumCta="603.58" SaldoIni="0.00" Debe="0.00" Haber="0.00" SaldoFin="0.00"/>
  <Cta NumCta="603.59" SaldoIni="0.00" Debe="0.00" Haber="0.00" SaldoFin="0.00"/>
  <Cta NumCta="603.60" SaldoIni="0.00" Debe="0.00" Haber="0.00" SaldoFin="0.00"/>
  <Cta NumCta="603.61" SaldoIni="0.00" Debe="0.00" Haber="0.00" SaldoFin="0.00"/>
  <Cta NumCta="603.62" SaldoIni="0.00" Debe="0.00" Haber="0.00" SaldoFin="0.00"/>
  <Cta NumCta="603.63" SaldoIni="0.00" Debe="0.00" Haber="0.00" SaldoFin="0.00"/>
  <Cta NumCta="603.64" SaldoIni="0.00" Debe="0.00" Haber="0.00" SaldoFin="0.00"/>
  <Cta NumCta="603.65" SaldoIni="0.00" Debe="0.00" Haber="0.00" SaldoFin="0.00"/>
  <Cta NumCta="603.66" SaldoIni="0.00" Debe="0.00" Haber="0.00" SaldoFin="0.00"/>
  <Cta NumCta="603.67" SaldoIni="0.00" Debe="0.00" Haber="0.00" SaldoFin="0.00"/>
  <Cta NumCta="603.68" SaldoIni="0.00" Debe="0.00" Haber="0.00" SaldoFin="0.00"/>
  <Cta NumCta="603.69" SaldoIni="0.00" Debe="0.00" Haber="0.00" SaldoFin="0.00"/>
  <Cta NumCta="603.70" SaldoIni="0.00" Debe="0.00" Haber="0.00" SaldoFin="0.00"/>
  <Cta NumCta="603.71" SaldoIni="0.00" Debe="0.00" Haber="0.00" SaldoFin="0.00"/>
  <Cta NumCta="603.72" SaldoIni="0.00" Debe="0.00" Haber="0.00" SaldoFin="0.00"/>
  <Cta NumCta="603.73" SaldoIni="0.00" Debe="0.00" Haber="0.00" SaldoFin="0.00"/>
  <Cta NumCta="603.74" SaldoIni="0.00" Debe="0.00" Haber="0.00" SaldoFin="0.00"/>
  <Cta NumCta="603.75" SaldoIni="0.00" Debe="0.00" Haber="0.00" SaldoFin="0.00"/>
  <Cta NumCta="603.76" SaldoIni="0.00" Debe="0.00" Haber="0.00" SaldoFin="0.00"/>
  <Cta NumCta="603.77" SaldoIni="0.00" Debe="0.00" Haber="0.00" SaldoFin="0.00"/>
  <Cta NumCta="603.78" SaldoIni="0.00" Debe="0.00" Haber="0.00" SaldoFin="0.00"/>
  <Cta NumCta="603.79" SaldoIni="0.00" Debe="0.00" Haber="0.00" SaldoFin="0.00"/>
  <Cta NumCta="603.80" SaldoIni="0.00" Debe="0.00" Haber="0.00" SaldoFin="0.00"/>
  <Cta NumCta="603.81" SaldoIni="0.00" Debe="0.00" Haber="0.00" SaldoFin="0.00"/>
  <Cta NumCta="603.82" SaldoIni="0.00" Debe="0.00" Haber="0.00" SaldoFin="0.00"/>
  <Cta NumCta="604" SaldoIni="0.00" Debe="0.00" Haber="0.00" SaldoFin="0.00"/>
  <Cta NumCta="604.01" SaldoIni="0.00" Debe="0.00" Haber="0.00" SaldoFin="0.00"/>
  <Cta NumCta="604.02" SaldoIni="0.00" Debe="0.00" Haber="0.00" SaldoFin="0.00"/>
  <Cta NumCta="604.03" SaldoIni="0.00" Debe="0.00" Haber="0.00" SaldoFin="0.00"/>
  <Cta NumCta="604.04" SaldoIni="0.00" Debe="0.00" Haber="0.00" SaldoFin="0.00"/>
  <Cta NumCta="604.05" SaldoIni="0.00" Debe="0.00" Haber="0.00" SaldoFin="0.00"/>
  <Cta NumCta="604.06" SaldoIni="0.00" Debe="0.00" Haber="0.00" SaldoFin="0.00"/>
  <Cta NumCta="604.07" SaldoIni="0.00" Debe="0.00" Haber="0.00" SaldoFin="0.00"/>
  <Cta NumCta="604.08" SaldoIni="0.00" Debe="0.00" Haber="0.00" SaldoFin="0.00"/>
  <Cta NumCta="604.09" SaldoIni="0.00" Debe="0.00" Haber="0.00" SaldoFin="0.00"/>
  <Cta NumCta="604.10" SaldoIni="0.00" Debe="0.00" Haber="0.00" SaldoFin="0.00"/>
  <Cta NumCta="604.11" SaldoIni="0.00" Debe="0.00" Haber="0.00" SaldoFin="0.00"/>
  <Cta NumCta="604.12" SaldoIni="0.00" Debe="0.00" Haber="0.00" SaldoFin="0.00"/>
  <Cta NumCta="604.13" SaldoIni="0.00" Debe="0.00" Haber="0.00" SaldoFin="0.00"/>
  <Cta NumCta="604.14" SaldoIni="0.00" Debe="0.00" Haber="0.00" SaldoFin="0.00"/>
  <Cta NumCta="604.15" SaldoIni="0.00" Debe="0.00" Haber="0.00" SaldoFin="0.00"/>
  <Cta NumCta="604.16" SaldoIni="0.00" Debe="0.00" Haber="0.00" SaldoFin="0.00"/>
  <Cta NumCta="604.17" SaldoIni="0.00" Debe="0.00" Haber="0.00" SaldoFin="0.00"/>
  <Cta NumCta="604.18" SaldoIni="0.00" Debe="0.00" Haber="0.00" SaldoFin="0.00"/>
  <Cta NumCta="604.19" SaldoIni="0.00" Debe="0.00" Haber="0.00" SaldoFin="0.00"/>
  <Cta NumCta="604.20" SaldoIni="0.00" Debe="0.00" Haber="0.00" SaldoFin="0.00"/>
  <Cta NumCta="604.21" SaldoIni="0.00" Debe="0.00" Haber="0.00" SaldoFin="0.00"/>
  <Cta NumCta="604.22" SaldoIni="0.00" Debe="0.00" Haber="0.00" SaldoFin="0.00"/>
  <Cta NumCta="604.23" SaldoIni="0.00" Debe="0.00" Haber="0.00" SaldoFin="0.00"/>
  <Cta NumCta="604.24" SaldoIni="0.00" Debe="0.00" Haber="0.00" SaldoFin="0.00"/>
  <Cta NumCta="604.25" SaldoIni="0.00" Debe="0.00" Haber="0.00" SaldoFin="0.00"/>
  <Cta NumCta="604.26" SaldoIni="0.00" Debe="0.00" Haber="0.00" SaldoFin="0.00"/>
  <Cta NumCta="604.27" SaldoIni="0.00" Debe="0.00" Haber="0.00" SaldoFin="0.00"/>
  <Cta NumCta="604.28" SaldoIni="0.00" Debe="0.00" Haber="0.00" SaldoFin="0.00"/>
  <Cta NumCta="604.29" SaldoIni="0.00" Debe="0.00" Haber="0.00" SaldoFin="0.00"/>
  <Cta NumCta="604.30" SaldoIni="0.00" Debe="0.00" Haber="0.00" SaldoFin="0.00"/>
  <Cta NumCta="604.31" SaldoIni="0.00" Debe="0.00" Haber="0.00" SaldoFin="0.00"/>
  <Cta NumCta="604.32" SaldoIni="0.00" Debe="0.00" Haber="0.00" SaldoFin="0.00"/>
  <Cta NumCta="604.33" SaldoIni="0.00" Debe="0.00" Haber="0.00" SaldoFin="0.00"/>
  <Cta NumCta="604.34" SaldoIni="0.00" Debe="0.00" Haber="0.00" SaldoFin="0.00"/>
  <Cta NumCta="604.35" SaldoIni="0.00" Debe="0.00" Haber="0.00" SaldoFin="0.00"/>
  <Cta NumCta="604.36" SaldoIni="0.00" Debe="0.00" Haber="0.00" SaldoFin="0.00"/>
  <Cta NumCta="604.37" SaldoIni="0.00" Debe="0.00" Haber="0.00" SaldoFin="0.00"/>
  <Cta NumCta="604.38" SaldoIni="0.00" Debe="0.00" Haber="0.00" SaldoFin="0.00"/>
  <Cta NumCta="604.39" SaldoIni="0.00" Debe="0.00" Haber="0.00" SaldoFin="0.00"/>
  <Cta NumCta="604.40" SaldoIni="0.00" Debe="0.00" Haber="0.00" SaldoFin="0.00"/>
  <Cta NumCta="604.41" SaldoIni="0.00" Debe="0.00" Haber="0.00" SaldoFin="0.00"/>
  <Cta NumCta="604.42" SaldoIni="0.00" Debe="0.00" Haber="0.00" SaldoFin="0.00"/>
  <Cta NumCta="604.43" SaldoIni="0.00" Debe="0.00" Haber="0.00" SaldoFin="0.00"/>
  <Cta NumCta="604.44" SaldoIni="0.00" Debe="0.00" Haber="0.00" SaldoFin="0.00"/>
  <Cta NumCta="604.45" SaldoIni="0.00" Debe="0.00" Haber="0.00" SaldoFin="0.00"/>
  <Cta NumCta="604.46" SaldoIni="0.00" Debe="0.00" Haber="0.00" SaldoFin="0.00"/>
  <Cta NumCta="604.47" SaldoIni="0.00" Debe="0.00" Haber="0.00" SaldoFin="0.00"/>
  <Cta NumCta="604.48" SaldoIni="0.00" Debe="0.00" Haber="0.00" SaldoFin="0.00"/>
  <Cta NumCta="604.49" SaldoIni="0.00" Debe="0.00" Haber="0.00" SaldoFin="0.00"/>
  <Cta NumCta="604.50" SaldoIni="0.00" Debe="0.00" Haber="0.00" SaldoFin="0.00"/>
  <Cta NumCta="604.51" SaldoIni="0.00" Debe="0.00" Haber="0.00" SaldoFin="0.00"/>
  <Cta NumCta="604.52" SaldoIni="0.00" Debe="0.00" Haber="0.00" SaldoFin="0.00"/>
  <Cta NumCta="604.53" SaldoIni="0.00" Debe="0.00" Haber="0.00" SaldoFin="0.00"/>
  <Cta NumCta="604.54" SaldoIni="0.00" Debe="0.00" Haber="0.00" SaldoFin="0.00"/>
  <Cta NumCta="604.55" SaldoIni="0.00" Debe="0.00" Haber="0.00" SaldoFin="0.00"/>
  <Cta NumCta="604.56" SaldoIni="0.00" Debe="0.00" Haber="0.00" SaldoFin="0.00"/>
  <Cta NumCta="604.57" SaldoIni="0.00" Debe="0.00" Haber="0.00" SaldoFin="0.00"/>
  <Cta NumCta="604.58" SaldoIni="0.00" Debe="0.00" Haber="0.00" SaldoFin="0.00"/>
  <Cta NumCta="604.59" SaldoIni="0.00" Debe="0.00" Haber="0.00" SaldoFin="0.00"/>
  <Cta NumCta="604.60" SaldoIni="0.00" Debe="0.00" Haber="0.00" SaldoFin="0.00"/>
  <Cta NumCta="604.61" SaldoIni="0.00" Debe="0.00" Haber="0.00" SaldoFin="0.00"/>
  <Cta NumCta="604.62" SaldoIni="0.00" Debe="0.00" Haber="0.00" SaldoFin="0.00"/>
  <Cta NumCta="604.63" SaldoIni="0.00" Debe="0.00" Haber="0.00" SaldoFin="0.00"/>
  <Cta NumCta="604.64" SaldoIni="0.00" Debe="0.00" Haber="0.00" SaldoFin="0.00"/>
  <Cta NumCta="604.65" SaldoIni="0.00" Debe="0.00" Haber="0.00" SaldoFin="0.00"/>
  <Cta NumCta="604.66" SaldoIni="0.00" Debe="0.00" Haber="0.00" SaldoFin="0.00"/>
  <Cta NumCta="604.67" SaldoIni="0.00" Debe="0.00" Haber="0.00" SaldoFin="0.00"/>
  <Cta NumCta="604.68" SaldoIni="0.00" Debe="0.00" Haber="0.00" SaldoFin="0.00"/>
  <Cta NumCta="604.69" SaldoIni="0.00" Debe="0.00" Haber="0.00" SaldoFin="0.00"/>
  <Cta NumCta="604.70" SaldoIni="0.00" Debe="0.00" Haber="0.00" SaldoFin="0.00"/>
  <Cta NumCta="604.71" SaldoIni="0.00" Debe="0.00" Haber="0.00" SaldoFin="0.00"/>
  <Cta NumCta="604.72" SaldoIni="0.00" Debe="0.00" Haber="0.00" SaldoFin="0.00"/>
  <Cta NumCta="604.73" SaldoIni="0.00" Debe="0.00" Haber="0.00" SaldoFin="0.00"/>
  <Cta NumCta="604.74" SaldoIni="0.00" Debe="0.00" Haber="0.00" SaldoFin="0.00"/>
  <Cta NumCta="604.75" SaldoIni="0.00" Debe="0.00" Haber="0.00" SaldoFin="0.00"/>
  <Cta NumCta="604.76" SaldoIni="0.00" Debe="0.00" Haber="0.00" SaldoFin="0.00"/>
  <Cta NumCta="604.77" SaldoIni="0.00" Debe="0.00" Haber="0.00" SaldoFin="0.00"/>
  <Cta NumCta="604.78" SaldoIni="0.00" Debe="0.00" Haber="0.00" SaldoFin="0.00"/>
  <Cta NumCta="604.79" SaldoIni="0.00" Debe="0.00" Haber="0.00" SaldoFin="0.00"/>
  <Cta NumCta="604.80" SaldoIni="0.00" Debe="0.00" Haber="0.00" SaldoFin="0.00"/>
  <Cta NumCta="604.81" SaldoIni="0.00" Debe="0.00" Haber="0.00" SaldoFin="0.00"/>
  <Cta NumCta="604.82" SaldoIni="0.00" Debe="0.00" Haber="0.00" SaldoFin="0.00"/>
  <Cta NumCta="605" SaldoIni="0.00" Debe="0.00" Haber="0.00" SaldoFin="0.00"/>
  <Cta NumCta="605.01" SaldoIni="0.00" Debe="0.00" Haber="0.00" SaldoFin="0.00"/>
  <Cta NumCta="605.02" SaldoIni="0.00" Debe="0.00" Haber="0.00" SaldoFin="0.00"/>
  <Cta NumCta="605.03" SaldoIni="0.00" Debe="0.00" Haber="0.00" SaldoFin="0.00"/>
  <Cta NumCta="605.04" SaldoIni="0.00" Debe="0.00" Haber="0.00" SaldoFin="0.00"/>
  <Cta NumCta="605.05" SaldoIni="0.00" Debe="0.00" Haber="0.00" SaldoFin="0.00"/>
  <Cta NumCta="605.06" SaldoIni="0.00" Debe="0.00" Haber="0.00" SaldoFin="0.00"/>
  <Cta NumCta="605.07" SaldoIni="0.00" Debe="0.00" Haber="0.00" SaldoFin="0.00"/>
  <Cta NumCta="605.08" SaldoIni="0.00" Debe="0.00" Haber="0.00" SaldoFin="0.00"/>
  <Cta NumCta="605.09" SaldoIni="0.00" Debe="0.00" Haber="0.00" SaldoFin="0.00"/>
  <Cta NumCta="605.10" SaldoIni="0.00" Debe="0.00" Haber="0.00" SaldoFin="0.00"/>
  <Cta NumCta="605.11" SaldoIni="0.00" Debe="0.00" Haber="0.00" SaldoFin="0.00"/>
  <Cta NumCta="605.12" SaldoIni="0.00" Debe="0.00" Haber="0.00" SaldoFin="0.00"/>
  <Cta NumCta="605.13" SaldoIni="0.00" Debe="0.00" Haber="0.00" SaldoFin="0.00"/>
  <Cta NumCta="605.14" SaldoIni="0.00" Debe="0.00" Haber="0.00" SaldoFin="0.00"/>
  <Cta NumCta="605.15" SaldoIni="0.00" Debe="0.00" Haber="0.00" SaldoFin="0.00"/>
  <Cta NumCta="605.16" SaldoIni="0.00" Debe="0.00" Haber="0.00" SaldoFin="0.00"/>
  <Cta NumCta="605.17" SaldoIni="0.00" Debe="0.00" Haber="0.00" SaldoFin="0.00"/>
  <Cta NumCta="605.18" SaldoIni="0.00" Debe="0.00" Haber="0.00" SaldoFin="0.00"/>
  <Cta NumCta="605.19" SaldoIni="0.00" Debe="0.00" Haber="0.00" SaldoFin="0.00"/>
  <Cta NumCta="605.20" SaldoIni="0.00" Debe="0.00" Haber="0.00" SaldoFin="0.00"/>
  <Cta NumCta="605.21" SaldoIni="0.00" Debe="0.00" Haber="0.00" SaldoFin="0.00"/>
  <Cta NumCta="605.22" SaldoIni="0.00" Debe="0.00" Haber="0.00" SaldoFin="0.00"/>
  <Cta NumCta="605.23" SaldoIni="0.00" Debe="0.00" Haber="0.00" SaldoFin="0.00"/>
  <Cta NumCta="605.24" SaldoIni="0.00" Debe="0.00" Haber="0.00" SaldoFin="0.00"/>
  <Cta NumCta="605.25" SaldoIni="0.00" Debe="0.00" Haber="0.00" SaldoFin="0.00"/>
  <Cta NumCta="605.26" SaldoIni="0.00" Debe="0.00" Haber="0.00" SaldoFin="0.00"/>
  <Cta NumCta="605.27" SaldoIni="0.00" Debe="0.00" Haber="0.00" SaldoFin="0.00"/>
  <Cta NumCta="605.28" SaldoIni="0.00" Debe="0.00" Haber="0.00" SaldoFin="0.00"/>
  <Cta NumCta="605.29" SaldoIni="0.00" Debe="0.00" Haber="0.00" SaldoFin="0.00"/>
  <Cta NumCta="605.30" SaldoIni="0.00" Debe="0.00" Haber="0.00" SaldoFin="0.00"/>
  <Cta NumCta="605.31" SaldoIni="0.00" Debe="0.00" Haber="0.00" SaldoFin="0.00"/>
  <Cta NumCta="606" SaldoIni="0.00" Debe="0.00" Haber="0.00" SaldoFin="0.00"/>
  <Cta NumCta="606.01" SaldoIni="0.00" Debe="0.00" Haber="0.00" SaldoFin="0.00"/>
  <Cta NumCta="607" SaldoIni="0.00" Debe="0.00" Haber="0.00" SaldoFin="0.00"/>
  <Cta NumCta="607.01" SaldoIni="0.00" Debe="0.00" Haber="0.00" SaldoFin="0.00"/>
  <Cta NumCta="608" SaldoIni="0.00" Debe="0.00" Haber="0.00" SaldoFin="0.00"/>
  <Cta NumCta="608.01" SaldoIni="0.00" Debe="0.00" Haber="0.00" SaldoFin="0.00"/>
  <Cta NumCta="609" SaldoIni="0.00" Debe="0.00" Haber="0.00" SaldoFin="0.00"/>
  <Cta NumCta="609.01" SaldoIni="0.00" Debe="0.00" Haber="0.00" SaldoFin="0.00"/>
  <Cta NumCta="610" SaldoIni="0.00" Debe="0.00" Haber="0.00" SaldoFin="0.00"/>
  <Cta NumCta="610.01" SaldoIni="0.00" Debe="0.00" Haber="0.00" SaldoFin="0.00"/>
  <Cta NumCta="611" SaldoIni="0.00" Debe="0.00" Haber="0.00" SaldoFin="0.00"/>
  <Cta NumCta="611.01" SaldoIni="0.00" Debe="0.00" Haber="0.00" SaldoFin="0.00"/>
  <Cta NumCta="611.02" SaldoIni="0.00" Debe="0.00" Haber="0.00" SaldoFin="0.00"/>
  <Cta NumCta="612" SaldoIni="0.00" Debe="0.00" Haber="0.00" SaldoFin="0.00"/>
  <Cta NumCta="612.01" SaldoIni="0.00" Debe="0.00" Haber="0.00" SaldoFin="0.00"/>
  <Cta NumCta="613" SaldoIni="0.00" Debe="0.00" Haber="0.00" SaldoFin="0.00"/>
  <Cta NumCta="613.01" SaldoIni="0.00" Debe="0.00" Haber="0.00" SaldoFin="0.00"/>
  <Cta NumCta="613.02" SaldoIni="0.00" Debe="0.00" Haber="0.00" SaldoFin="0.00"/>
  <Cta NumCta="613.03" SaldoIni="0.00" Debe="0.00" Haber="0.00" SaldoFin="0.00"/>
  <Cta NumCta="613.04" SaldoIni="0.00" Debe="0.00" Haber="0.00" SaldoFin="0.00"/>
  <Cta NumCta="613.05" SaldoIni="0.00" Debe="0.00" Haber="0.00" SaldoFin="0.00"/>
  <Cta NumCta="613.06" SaldoIni="0.00" Debe="0.00" Haber="0.00" SaldoFin="0.00"/>
  <Cta NumCta="613.07" SaldoIni="0.00" Debe="0.00" Haber="0.00" SaldoFin="0.00"/>
  <Cta NumCta="613.08" SaldoIni="0.00" Debe="0.00" Haber="0.00" SaldoFin="0.00"/>
  <Cta NumCta="613.09" SaldoIni="0.00" Debe="0.00" Haber="0.00" SaldoFin="0.00"/>
  <Cta NumCta="613.10" SaldoIni="0.00" Debe="0.00" Haber="0.00" SaldoFin="0.00"/>
  <Cta NumCta="613.11" SaldoIni="0.00" Debe="0.00" Haber="0.00" SaldoFin="0.00"/>
  <Cta NumCta="613.12" SaldoIni="0.00" Debe="0.00" Haber="0.00" SaldoFin="0.00"/>
  <Cta NumCta="613.13" SaldoIni="0.00" Debe="0.00" Haber="0.00" SaldoFin="0.00"/>
  <Cta NumCta="613.14" SaldoIni="0.00" Debe="0.00" Haber="0.00" SaldoFin="0.00"/>
  <Cta NumCta="613.15" SaldoIni="0.00" Debe="0.00" Haber="0.00" SaldoFin="0.00"/>
  <Cta NumCta="613.16" SaldoIni="0.00" Debe="0.00" Haber="0.00" SaldoFin="0.00"/>
  <Cta NumCta="613.17" SaldoIni="0.00" Debe="0.00" Haber="0.00" SaldoFin="0.00"/>
  <Cta NumCta="613.18" SaldoIni="0.00" Debe="0.00" Haber="0.00" SaldoFin="0.00"/>
  <Cta NumCta="614" SaldoIni="0.00" Debe="0.00" Haber="0.00" SaldoFin="0.00"/>
  <Cta NumCta="614.01" SaldoIni="0.00" Debe="0.00" Haber="0.00" SaldoFin="0.00"/>
  <Cta NumCta="614.02" SaldoIni="0.00" Debe="0.00" Haber="0.00" SaldoFin="0.00"/>
  <Cta NumCta="614.03" SaldoIni="0.00" Debe="0.00" Haber="0.00" SaldoFin="0.00"/>
  <Cta NumCta="614.04" SaldoIni="0.00" Debe="0.00" Haber="0.00" SaldoFin="0.00"/>
  <Cta NumCta="614.05" SaldoIni="0.00" Debe="0.00" Haber="0.00" SaldoFin="0.00"/>
  <Cta NumCta="614.06" SaldoIni="0.00" Debe="0.00" Haber="0.00" SaldoFin="0.00"/>
  <Cta NumCta="614.07" SaldoIni="0.00" Debe="0.00" Haber="0.00" SaldoFin="0.00"/>
  <Cta NumCta="614.08" SaldoIni="0.00" Debe="0.00" Haber="0.00" SaldoFin="0.00"/>
  <Cta NumCta="614.09" SaldoIni="0.00" Debe="0.00" Haber="0.00" SaldoFin="0.00"/>
  <Cta NumCta="614.10" SaldoIni="0.00" Debe="0.00" Haber="0.00" SaldoFin="0.00"/>
  <Cta NumCta="700" SaldoIni="0.00" Debe="0.00" Haber="0.00" SaldoFin="0.00"/>
  <Cta NumCta="701" SaldoIni="0.00" Debe="0.00" Haber="0.00" SaldoFin="0.00"/>
  <Cta NumCta="701.01" SaldoIni="0.00" Debe="0.00" Haber="0.00" SaldoFin="0.00"/>
  <Cta NumCta="701.02" SaldoIni="0.00" Debe="0.00" Haber="0.00" SaldoFin="0.00"/>
  <Cta NumCta="701.03" SaldoIni="0.00" Debe="0.00" Haber="0.00" SaldoFin="0.00"/>
  <Cta NumCta="701.04" SaldoIni="0.00" Debe="0.00" Haber="0.00" SaldoFin="0.00"/>
  <Cta NumCta="701.05" SaldoIni="0.00" Debe="0.00" Haber="0.00" SaldoFin="0.00"/>
  <Cta NumCta="701.06" SaldoIni="0.00" Debe="0.00" Haber="0.00" SaldoFin="0.00"/>
  <Cta NumCta="701.07" SaldoIni="0.00" Debe="0.00" Haber="0.00" SaldoFin="0.00"/>
  <Cta NumCta="701.08" SaldoIni="0.00" Debe="0.00" Haber="0.00" SaldoFin="0.00"/>
  <Cta NumCta="701.09" SaldoIni="0.00" Debe="0.00" Haber="0.00" SaldoFin="0.00"/>
  <Cta NumCta="701.10" SaldoIni="0.00" Debe="0.00" Haber="0.00" SaldoFin="0.00"/>
  <Cta NumCta="701.11" SaldoIni="0.00" Debe="0.00" Haber="0.00" SaldoFin="0.00"/>
  <Cta NumCta="702" SaldoIni="0.00" Debe="0.00" Haber="0.00" SaldoFin="0.00"/>
  <Cta NumCta="702.01" SaldoIni="0.00" Debe="0.00" Haber="0.00" SaldoFin="0.00"/>
  <Cta NumCta="702.02" SaldoIni="0.00" Debe="0.00" Haber="0.00" SaldoFin="0.00"/>
  <Cta NumCta="702.03" SaldoIni="0.00" Debe="0.00" Haber="0.00" SaldoFin="0.00"/>
  <Cta NumCta="702.04" SaldoIni="0.00" Debe="0.00" Haber="0.00" SaldoFin="0.00"/>
  <Cta NumCta="702.05" SaldoIni="0.00" Debe="0.00" Haber="0.00" SaldoFin="0.00"/>
  <Cta NumCta="702.06" SaldoIni="0.00" Debe="0.00" Haber="0.00" SaldoFin="0.00"/>
  <Cta NumCta="702.07" SaldoIni="0.00" Debe="0.00" Haber="0.00" SaldoFin="0.00"/>
  <Cta NumCta="702.08" SaldoIni="0.00" Debe="0.00" Haber="0.00" SaldoFin="0.00"/>
  <Cta NumCta="702.09" SaldoIni="0.00" Debe="0.00" Haber="0.00" SaldoFin="0.00"/>
  <Cta NumCta="702.10" SaldoIni="0.00" Debe="0.00" Haber="0.00" SaldoFin="0.00"/>
  <Cta NumCta="703" SaldoIni="0.00" Debe="0.00" Haber="0.00" SaldoFin="0.00"/>
  <Cta NumCta="703.01" SaldoIni="0.00" Debe="0.00" Haber="0.00" SaldoFin="0.00"/>
  <Cta NumCta="703.02" SaldoIni="0.00" Debe="0.00" Haber="0.00" SaldoFin="0.00"/>
  <Cta NumCta="703.03" SaldoIni="0.00" Debe="0.00" Haber="0.00" SaldoFin="0.00"/>
  <Cta NumCta="703.04" SaldoIni="0.00" Debe="0.00" Haber="0.00" SaldoFin="0.00"/>
  <Cta NumCta="703.05" SaldoIni="0.00" Debe="0.00" Haber="0.00" SaldoFin="0.00"/>
  <Cta NumCta="703.06" SaldoIni="0.00" Debe="0.00" Haber="0.00" SaldoFin="0.00"/>
  <Cta NumCta="703.07" SaldoIni="0.00" Debe="0.00" Haber="0.00" SaldoFin="0.00"/>
  <Cta NumCta="703.08" SaldoIni="0.00" Debe="0.00" Haber="0.00" SaldoFin="0.00"/>
  <Cta NumCta="703.09" SaldoIni="0.00" Debe="0.00" Haber="0.00" SaldoFin="0.00"/>
  <Cta NumCta="703.10" SaldoIni="0.00" Debe="0.00" Haber="0.00" SaldoFin="0.00"/>
  <Cta NumCta="703.11" SaldoIni="0.00" Debe="0.00" Haber="0.00" SaldoFin="0.00"/>
  <Cta NumCta="703.12" SaldoIni="0.00" Debe="0.00" Haber="0.00" SaldoFin="0.00"/>
  <Cta NumCta="703.13" SaldoIni="0.00" Debe="0.00" Haber="0.00" SaldoFin="0.00"/>
  <Cta NumCta="703.14" SaldoIni="0.00" Debe="0.00" Haber="0.00" SaldoFin="0.00"/>
  <Cta NumCta="703.15" SaldoIni="0.00" Debe="0.00" Haber="0.00" SaldoFin="0.00"/>
  <Cta NumCta="703.16" SaldoIni="0.00" Debe="0.00" Haber="0.00" SaldoFin="0.00"/>
  <Cta NumCta="703.17" SaldoIni="0.00" Debe="0.00" Haber="0.00" SaldoFin="0.00"/>
  <Cta NumCta="703.18" SaldoIni="0.00" Debe="0.00" Haber="0.00" SaldoFin="0.00"/>
  <Cta NumCta="703.19" SaldoIni="0.00" Debe="0.00" Haber="0.00" SaldoFin="0.00"/>
  <Cta NumCta="703.20" SaldoIni="0.00" Debe="0.00" Haber="0.00" SaldoFin="0.00"/>
  <Cta NumCta="703.21" SaldoIni="0.00" Debe="0.00" Haber="0.00" SaldoFin="0.00"/>
  <Cta NumCta="704" SaldoIni="0.00" Debe="0.00" Haber="0.00" SaldoFin="0.00"/>
  <Cta NumCta="704.01" SaldoIni="0.00" Debe="0.00" Haber="0.00" SaldoFin="0.00"/>
  <Cta NumCta="704.02" SaldoIni="0.00" Debe="0.00" Haber="0.00" SaldoFin="0.00"/>
  <Cta NumCta="704.03" SaldoIni="0.00" Debe="0.00" Haber="0.00" SaldoFin="0.00"/>
  <Cta NumCta="704.04" SaldoIni="0.00" Debe="0.00" Haber="0.00" SaldoFin="0.00"/>
  <Cta NumCta="704.05" SaldoIni="0.00" Debe="0.00" Haber="0.00" SaldoFin="0.00"/>
  <Cta NumCta="704.06" SaldoIni="0.00" Debe="0.00" Haber="0.00" SaldoFin="0.00"/>
  <Cta NumCta="704.07" SaldoIni="0.00" Debe="0.00" Haber="0.00" SaldoFin="0.00"/>
  <Cta NumCta="704.08" SaldoIni="0.00" Debe="0.00" Haber="0.00" SaldoFin="0.00"/>
  <Cta NumCta="704.09" SaldoIni="0.00" Debe="0.00" Haber="0.00" SaldoFin="0.00"/>
  <Cta NumCta="704.10" SaldoIni="0.00" Debe="0.00" Haber="0.00" SaldoFin="0.00"/>
  <Cta NumCta="704.11" SaldoIni="0.00" Debe="0.00" Haber="0.00" SaldoFin="0.00"/>
  <Cta NumCta="704.12" SaldoIni="0.00" Debe="0.00" Haber="0.00" SaldoFin="0.00"/>
  <Cta NumCta="704.13" SaldoIni="0.00" Debe="0.00" Haber="0.00" SaldoFin="0.00"/>
  <Cta NumCta="704.14" SaldoIni="0.00" Debe="0.00" Haber="0.00" SaldoFin="0.00"/>
  <Cta NumCta="704.15" SaldoIni="0.00" Debe="0.00" Haber="0.00" SaldoFin="0.00"/>
  <Cta NumCta="704.16" SaldoIni="0.00" Debe="0.00" Haber="0.00" SaldoFin="0.00"/>
  <Cta NumCta="704.17" SaldoIni="0.00" Debe="0.00" Haber="0.00" SaldoFin="0.00"/>
  <Cta NumCta="704.18" SaldoIni="0.00" Debe="0.00" Haber="0.00" SaldoFin="0.00"/>
  <Cta NumCta="704.19" SaldoIni="0.00" Debe="0.00" Haber="0.00" SaldoFin="0.00"/>
  <Cta NumCta="704.20" SaldoIni="0.00" Debe="0.00" Haber="0.00" SaldoFin="0.00"/>
  <Cta NumCta="704.21" SaldoIni="0.00" Debe="0.00" Haber="0.00" SaldoFin="0.00"/>
  <Cta NumCta="704.22" SaldoIni="0.00" Debe="0.00" Haber="0.00" SaldoFin="0.00"/>
  <Cta NumCta="704.23" SaldoIni="0.00" Debe="0.00" Haber="0.00" SaldoFin="0.00"/>
  <Cta NumCta="800" SaldoIni="0.00" Debe="0.00" Haber="0.00" SaldoFin="0.00"/>
  <Cta NumCta="801" SaldoIni="0.00" Debe="0.00" Haber="0.00" SaldoFin="0.00"/>
  <Cta NumCta="801.01" SaldoIni="0.00" Debe="0.00" Haber="0.00" SaldoFin="0.00"/>
  <Cta NumCta="801.02" SaldoIni="0.00" Debe="0.00" Haber="0.00" SaldoFin="0.00"/>
  <Cta NumCta="802" SaldoIni="0.00" Debe="0.00" Haber="0.00" SaldoFin="0.00"/>
  <Cta NumCta="802.01" SaldoIni="0.00" Debe="0.00" Haber="0.00" SaldoFin="0.00"/>
  <Cta NumCta="802.02" SaldoIni="0.00" Debe="0.00" Haber="0.00" SaldoFin="0.00"/>
  <Cta NumCta="803" SaldoIni="0.00" Debe="0.00" Haber="0.00" SaldoFin="0.00"/>
  <Cta NumCta="803.01" SaldoIni="0.00" Debe="0.00" Haber="0.00" SaldoFin="0.00"/>
  <Cta NumCta="803.02" SaldoIni="0.00" Debe="0.00" Haber="0.00" SaldoFin="0.00"/>
  <Cta NumCta="804" SaldoIni="0.00" Debe="0.00" Haber="0.00" SaldoFin="0.00"/>
  <Cta NumCta="804.01" SaldoIni="0.00" Debe="0.00" Haber="0.00" SaldoFin="0.00"/>
  <Cta NumCta="804.02" SaldoIni="0.00" Debe="0.00" Haber="0.00" SaldoFin="0.00"/>
  <Cta NumCta="805" SaldoIni="0.00" Debe="0.00" Haber="0.00" SaldoFin="0.00"/>
  <Cta NumCta="805.01" SaldoIni="0.00" Debe="0.00" Haber="0.00" SaldoFin="0.00"/>
  <Cta NumCta="805.02" SaldoIni="0.00" Debe="0.00" Haber="0.00" SaldoFin="0.00"/>
  <Cta NumCta="806" SaldoIni="0.00" Debe="0.00" Haber="0.00" SaldoFin="0.00"/>
  <Cta NumCta="806.01" SaldoIni="0.00" Debe="0.00" Haber="0.00" SaldoFin="0.00"/>
  <Cta NumCta="806.02" SaldoIni="0.00" Debe="0.00" Haber="0.00" SaldoFin="0.00"/>
  <Cta NumCta="807" SaldoIni="0.00" Debe="0.00" Haber="0.00" SaldoFin="0.00"/>
  <Cta NumCta="807.01" SaldoIni="0.00" Debe="0.00" Haber="0.00" SaldoFin="0.00"/>
  <Cta NumCta="807.02" SaldoIni="0.00" Debe="0.00" Haber="0.00" SaldoFin="0.00"/>
  <Cta NumCta="808" SaldoIni="0.00" Debe="0.00" Haber="0.00" SaldoFin="0.00"/>
  <Cta NumCta="808.01" SaldoIni="0.00" Debe="0.00" Haber="0.00" SaldoFin="0.00"/>
  <Cta NumCta="808.02" SaldoIni="0.00" Debe="0.00" Haber="0.00" SaldoFin="0.00"/>
  <Cta NumCta="809" SaldoIni="0.00" Debe="0.00" Haber="0.00" SaldoFin="0.00"/>
  <Cta NumCta="809.01" SaldoIni="0.00" Debe="0.00" Haber="0.00" SaldoFin="0.00"/>
  <Cta NumCta="809.02" SaldoIni="0.00" Debe="0.00" Haber="0.00" SaldoFin="0.00"/>
  <Cta NumCta="810" SaldoIni="0.00" Debe="0.00" Haber="0.00" SaldoFin="0.00"/>
  <Cta NumCta="810.01" SaldoIni="0.00" Debe="0.00" Haber="0.00" SaldoFin="0.00"/>
  <Cta NumCta="810.02" SaldoIni="0.00" Debe="0.00" Haber="0.00" SaldoFin="0.00"/>
  <Cta NumCta="811" SaldoIni="0.00" Debe="0.00" Haber="0.00" SaldoFin="0.00"/>
  <Cta NumCta="811.01" SaldoIni="0.00" Debe="0.00" Haber="0.00" SaldoFin="0.00"/>
  <Cta NumCta="811.02" SaldoIni="0.00" Debe="0.00" Haber="0.00" SaldoFin="0.00"/>
  <Cta NumCta="812" SaldoIni="0.00" Debe="0.00" Haber="0.00" SaldoFin="0.00"/>
  <Cta NumCta="812.01" SaldoIni="0.00" Debe="0.00" Haber="0.00" SaldoFin="0.00"/>
  <Cta NumCta="812.02" SaldoIni="0.00" Debe="0.00" Haber="0.00" SaldoFin="0.00"/>
  <Cta NumCta="813" SaldoIni="0.00" Debe="0.00" Haber="0.00" SaldoFin="0.00"/>
  <Cta NumCta="813.01" SaldoIni="0.00" Debe="0.00" Haber="0.00" SaldoFin="0.00"/>
  <Cta NumCta="813.02" SaldoIni="0.00" Debe="0.00" Haber="0.00" SaldoFin="0.00"/>
  <Cta NumCta="814" SaldoIni="0.00" Debe="0.00" Haber="0.00" SaldoFin="0.00"/>
  <Cta NumCta="814.01" SaldoIni="0.00" Debe="0.00" Haber="0.00" SaldoFin="0.00"/>
  <Cta NumCta="814.02" SaldoIni="0.00" Debe="0.00" Haber="0.00" SaldoFin="0.00"/>
  <Cta NumCta="815" SaldoIni="0.00" Debe="0.00" Haber="0.00" SaldoFin="0.00"/>
  <Cta NumCta="815.01" SaldoIni="0.00" Debe="0.00" Haber="0.00" SaldoFin="0.00"/>
  <Cta NumCta="815.02" SaldoIni="0.00" Debe="0.00" Haber="0.00" SaldoFin="0.00"/>
  <Cta NumCta="816" SaldoIni="0.00" Debe="0.00" Haber="0.00" SaldoFin="0.00"/>
  <Cta NumCta="816.01" SaldoIni="0.00" Debe="0.00" Haber="0.00" SaldoFin="0.00"/>
  <Cta NumCta="816.02" SaldoIni="0.00" Debe="0.00" Haber="0.00" SaldoFin="0.00"/>
  <Cta NumCta="899" SaldoIni="0.00" Debe="0.00" Haber="0.00" SaldoFin="0.00"/>
  <Cta NumCta="899.01" SaldoIni="0.00" Debe="0.00" Haber="0.00" SaldoFin="0.00"/>
  <Cta NumCta="899.02" SaldoIni="0.00" Debe="0.00" Haber="0.00" SaldoFin="0.00"/>
</Balanza>
